2370 3603
58 814 95 844 10

56 1076 92 1107 15

54 1995 85 2012 10

51 2201 80 2226 ¹5

49 2411 81 2427 20

48 2618 77 2644 ²5

45 2828 79 2853 30

121 225 205 260 [ΑΑ.
227 225 424 257 13394340]
731 216 988 277 IOHANNJS
1016 217 1086 252 DE
1112 214 1331 251 BAZANO

124 287 1910 302 m.nnn-..nnn-·-··--···u-.·.··nn---·n--n--nu-..n-n.......------n....un·-............-n..n-n--..-..-.-.--·-.---·.......u-nn...-uu...=··un-..-......-..·..uun-..nn---unn
1914 287 1946 293 ....

122 341 166 383 iiij
191 342 309 373 marcii
333 341 454 373 civitas
478 341 651 373 Bononiae
673 340 807 381 privata
832 339 920 380 [fuit]
945 339 1066 371 Studio
1082 350 1142 381 per
1158 338 1287 381 Papam
1303 338 1528 370 Benedictum
1546 346 1598 368 ΧΠ
1615 337 1635 368 ¹.
1659 336 1759 368 Tunc
1777 336 1819 367 de
1836 345 1951 367 mense

121 393 242 435 aprilis
263 394 437 435 inceptum
462 394 529 424 fuit
553 399 698 424 castrum
724 392 758 422 in
784 392 924 423 civitate
949 391 1055 434 Regii
1078 401 1141 433 per
1164 391 1322 423 dominos
1345 391 1389 422 de
1421 391 1588 432 Goncaga
1611 395 1692 421 tunc
1724 394 1878 420 tenentes
1901 388 1950 419 ci-

121 446 261 478 vitatem
286 447 488 487 praefatam,
513 446 659 486 diruptis
682 444 834 486 pluribus
859 452 892 476 et
914 444 1069 486 pluribus
1093 444 1248 476 domibus
1271 443 1451 475 occasione
1476 442 1559 474 dicti
1585 441 1688 474 castri
1701 441 1722 473 ².

208 499 374 530 Dominus
397 499 549 530 Millinus
573 497 616 528 de
641 497 753 529 Griffis
777 498 820 528 de
844 497 961 528 Brixia
992 497 1148 529 Potestas
1179 495 1335 527 Mutinae
1366 505 1428 537 pro
1457 495 1603 526 dominis
1626 492 1888 526 Marchionibus
1917 493 1952 523 in

1436 549 1536 580 Tunc
1561 547 1616 579 die
1639 547 1706 588 xiiij
1732 546 1866 589 augusti
1891 546 1951 577 do-

120 604 229 635 minus
253 603 329 646 Aeo
354 605 398 635 da
423 604 604 635 Vescontis
629 603 788 634 dominus
813 603 962 634 civitatis
985 602 1178 634 Mediolani
1203 602 1246 633 de
1270 602 1336 633 hoc
1361 601 1476 633 seculo
1500 600 1755 642 transmigravit
1780 605 1814 630 et
1832 599 1866 630 in
1891 609 1950 630 suo

119 657 196 687 loco
221 662 455 688 successerunt
479 655 637 687 dominus
661 655 829 686 Iohannes
851 654 1145 696 Archiepiscopus
1161 653 1350 686 Mediolani
1373 659 1407 685 et
1430 653 1605 684 Luchinus
1623 653 1665 684 de
1682 651 1866 683 Vescontis
1883 652 1953 682 fra-

119 714 172 740 ter
195 709 279 740 dicti
304 708 434 740 domini
459 708 723 749 Archiepiscopi
738 708 760 739 ⁴.
807 708 907 739 Tunc
932 707 987 739 die
1012 707 1080 750 xvij
1106 706 1309 748 septembris
1331 712 1403 737 tota
1425 706 1498 746 ipsa
1523 705 1581 736 die
1606 711 1673 736 tam
1690 705 1843 735 inmense
1867 703 1952 744 pluit

119 766 156 792 ut
186 761 279 802 apud
309 761 465 792 homines
489 759 644 792 Mutinae
676 766 791 791 tantae
823 759 960 800 pluviae
992 759 1157 790 memoria
1180 769 1248 790 non
1273 758 1428 790 extabat:
1454 764 1535 789 tunc
1560 757 1699 788 fuerunt
1729 756 1851 798 plenae
1882 766 1952 786 ma-

119 814 229 845 ximae
253 813 289 844 in
314 812 447 844 Mutina
471 819 505 845 et
529 812 586 854 [in]
612 818 683 844 toto
708 812 864 844 districtu
877 812 897 843 ⁵.

205 866 370 898 Dominus
393 865 546 897 Millinus
570 865 726 898 Potestas
750 865 903 898 Mutinae
927 876 990 907 pro
1016 865 1163 897 dominis
1187 863 1448 896 Marchionibus
1470 864 1505 894 in
1536 863 1744 894 M.cccxm
1769 861 1804 892 in
1836 860 1955 902 primis

118 928 176 950 sex
199 919 371 950 mensibus
382 917 418 949 ⁶.'
463 918 564 949 Tunc
588 919 762 960 inceptum
786 919 850 950 fuit
874 918 1001 949 murari
1025 924 1174 950 castrum
1200 917 1330 949 domini
1346 916 1557 948 Marchionis
1574 916 1608 946 in
1631 914 1765 946 Mutina
1778 913 1799 944 ⁷.
1847 914 1947 944 Tunc

119 971 176 1002 die
199 971 257 1013 viij
284 970 449 1002 februarii
474 972 540 1003 fuit
563 982 686 1014 magna
709 972 804 1003 curia
828 972 862 1002 in
888 971 1024 1002 civitate
1049 971 1224 1007 Mantuae,
1248 971 1283 1001 in
1315 981 1381 1012 qua
1408 970 1545 1000 fuerunt
1572 967 1708 999 militari
1733 967 1870 1009 cingulo
1895 966 1955 997 de-

118 1024 226 1055 corati
244 1024 332 1055 ultra
348 1024 472 1067 viginti
486 1024 628 1061 nobileS‚
645 1026 733 1056 inter
746 1034 831 1066 quos
856 1025 994 1056 fuerunt
1010 1024 1069 1055 filii
1085 1023 1259 1066 magnifici
1275 1023 1403 1055 domini
1418 1022 1528 1054 Luisii
1546 1023 1589 1054 de
1606 1021 1780 1063 Goncaga,
1799 1019 1955 1051 dominus

117 1077 240 1114 Guido,
265 1077 424 1108 dominus
447 1077 591 1118 Filipus‚
616 1078 773 1109 dominus
798 1078 981 1115 Feltrinus,
1007 1077 1164 1109 dominus
1187 1077 1352 1113 Coradus,
1377 1076 1534 1108 dominus
1565 1075 1689 1106 Hettor
1719 1074 1763 1105 de
1786 1072 1953 1108 Bononia,

118 1129 272 1161 dominus
295 1129 422 1161 Paulus
446 1130 490 1161 de
514 1130 545 1161 la
567 1130 766 1162 Mirandula
789 1131 832 1162 de
857 1129 1002 1168 Mutina,
1028 1130 1186 1161 dominus
1208 1130 1362 1161 Baronus
1386 1129 1429 1160 de
1452 1128 1603 1160 Canossa
1627 1127 1670 1158 de
1694 1125 1819 1168 Regio,
1845 1124 1955 1156 domi-

117 1193 179 1213 nus
203 1182 372 1214 Iohannes
399 1183 441 1214 de
466 1182 620 1220 Foliam,
646 1183 804 1214 dominus
827 1182 1025 1214 Bertolinus
1049 1183 1093 1214 de
1117 1181 1279 1213 Robertis
1302 1187 1336 1213 et
1367 1186 1512 1222 quatuor
1527 1180 1570 1211 de
1595 1178 1727 1210 civibus
1750 1176 1918 1209 Mu¹tinae
1930 1175 1952 1207 ⁸.

117 1235 218 1266 Tunc
244 1235 337 1266 dicto
361 1245 451 1265 anno
477 1235 543 1267 fuit
567 1245 691 1278 magna
715 1235 903 1267 mortalitas
926 1235 1097 1276 pecudum
1121 1241 1154 1266 et
1177 1235 1286 1266 eciam
1303 1233 1479 1266 hominum
1503 1238 1537 1264 et
1559 1232 1594 1263 in
1626 1230 1781 1272 partibus
1803 1230 1952 1261 Tusciae

117 1293 149 1318 et
164 1287 362 1319 Florentiae
387 1287 477 1329 passi
501 1294 579 1319 sunt
603 1288 691 1319 diem
716 1294 903 1320 extremum
926 1288 1015 1318 ultra
1038 1287 1102 1319 tria
1125 1287 1220 1318 milia
1243 1296 1466 1328 personarum
1479 1284 1500 1316 ⁹.

202 1340 366 1372 Dominus
398 1340 616 1372 Rolandinus
647 1340 690 1372 de
724 1341 812 1373 Salis
844 1341 886 1372 de
918 1340 1034 1371 Brixia
1065 1340 1222 1371 Potestas
1252 1338 1408 1370 Mutinae
1435 1348 1497 1380 pro
1521 1337 1660 1369 domino
1683 1335 1885 1368 Mai-chione
1917 1335 1951 1366 in

115 1392 321 1424 Maeciam
343 1392 380 1423 in
404 1392 532 1424 ultimis
555 1403 615 1424 sex
638 1392 808 1424 mensibus
831 1393 978 1434 inceptis
1001 1392 1036 1424 in
1061 1392 1214 1424 calendis
1237 1392 1309 1424 iulii
1322 1391 1354 1423 ¹⁰.
1401 1391 1502 1422 Tunc
1527 1390 1584 1422 die
1608 1389 1742 1421 veneris
1772 1388 1856 1430 xviij
1880 1387 1954 1418 iulii

115 1445 275 1487 expulsus
298 1446 365 1477 fuit
389 1446 432 1478 de
457 1446 596 1478 civitate
620 1445 812 1478 Mediolani
838 1445 994 1478 dominus
1019 1446 1224 1477 Franciscus
1248 1445 1292 1477 de
1315 1444 1471 1476 Posterla
1495 1454 1573 1475 cum
1595 1442 1663 1474 suis
1686 1441 1888 1484 sequacibus
1919 1446 1954 1471 et

327 551 373 558 ..0-

207 1572 229 1589 1.
249 1565 309 1596 111JJ
332 1573 361 1597 ¹3
381 1565 424 1595 A„
447 1566 531 1594 Mum,
553 1567 613 1589 Cr.:
630 1570 680 1595 per
694 1567 721 1589 la
734 1573 803 1590 corr.
818 1574 844 1589 v.
859 1570 920 1590 nota
936 1574 949 1589 l
964 1578 975 1584 -
995 1565 1121 1599 privata]
1141 1566 1222 1589 aucta
1241 1565 1280 1594 Α.,
1300 1565 1387 1591 Mun„
1404 1565 1459 1592 Cn,
1471 1567 1545 1588 certo
1553 1567 1605 1594 per
1619 1569 1720 1589 errore;
1743 1561 1883 1592 aggiungo
1901 1558 1956 1583 fuit

111 1612 162 1639 per
180 1609 317 1634 chiarezta
336 1622 346 1627 -
366 1609 421 1641 ΧΠ]
440 1609 490 1634 cos}
509 1617 577 1634 corr.
601 1611 695 1635 MUR..·
714 1610 746 1633 Α.
766 1610 966 1642 trasformaudo
983 1611 1006 1633 il
1022 1617 1127 1634 numero
1147 1617 1254 1634 romano
1273 1617 1363 1632 azreva
1379 1609 1471 1633 scritto
1493 1614 1524 1632 10
1538 1614 1569 1639 33
1578 1607 1628 1637 poi
1638 1605 1694 1630 l’ba
1708 1605 1851 1629 cancellato
1871 1604 1905 1627 ed
1920 1604 1954 1627 ka

115 1654 208 1678 scritto
221 1653 328 1678 decimo
349 1655 437 1683 terzo;
453 1653 562 1677 decimo
581 1653 666 1678 tertio
689 1655 734 1679 Cr.
755 1668 787 1672 -
801 1661 824 1685 3.
845 1654 1017 1685 praedictam
1031 1654 1119 1682 Mum,
1135 1653 1180 1678 Cr.
1201 1667 1231 1669 —
1253 1660 1277 1683 4.
1297 1652 1424 1682 Milinus]
1445 1651 1591 1676 Marsilius
1611 1651 1653 1678 Α.,
1673 1650 1759 1679 Mun„
1781 1650 1825 1673 Cr.
1848 1661 1879 1664 β
1900 1648 1955 1677 7-8.

116 1697 206 1721 frater
225 1705 294 1722 corr.
316 1698 401 1727 Mum,
426 1698 485 1726 Cr.3
513 1698 617 1729 patrini
637 1697 670 1721 A.
691 1711 724 1715 -
742 1704 767 1728 9.
788 1700 817 1721 ut
843 1705 913 1721 corr.
945 1697 1031 1727 Mun„
1053 1698 1114 1728 Cr.3
1135 1699 1162 1721 et
1180 1697 1212 1721 A.
1231 1709 1242 1714 -
1261 1697 1369 1720 extaret
1388 1696 1466 1720 Mun.
1486 1709 1517 1713 —
1538 1701 1611 1725 9-10.
1632 1694 1710 1725 plene
1729 1694 1757 1717 et
1776 1691 1896 1716 maxime
1917 1691 1951 1721 A,

115 1741 202 1770 Mum,
218 1741 264 1765 Cr.
280 1754 310 1757 »-
328 1748 367 1764 10.
382 1741 413 1765 in
428 1743 524 1765 avanti
536 1742 598 1764 toto
612 1749 680 1772 agg.
694 1741 782 1769 Μυκη
797 1742 840 1766 Cr.
864 1754 894 1758 —-
913 1748 951 1765 11.
966 1740 1121 1772 M.cccxxx]
1136 1740 1186 1765 cosi
1207 1740 1293 1767 MUR..
1309 1741 1368 1766 Cr.:
1385 1740 1448 1770 M34
1462 1740 1494 1763 A.
1511 1753 1541 1755 —
1565 1745 1604 1770 13.
1625 1736 1769 1768 Mantuae]
1785 1736 1894 1760 Mutine
1907 1735 1949 1762 Α.,

116 1785 202 1815 Mun.⁷
224 1787 268 1810 Cr.
288 1798 299 1803 -
318 1786 431 1818 cingulo
445 1793 512 1810 corr.
533 1785 619 1815 Mum,
636 1787 695 1815 Cr.3
716 1786 825 1818 Angule
844 1786 878 1809 A.
892 1799 923 1802 —
942 1792 982 1815 14.
998 1785 1107 1817 Aloysii
1128 1784 1215 1812 Mun„
1231 1786 1276 1809 Cr.
1292 1799 1322 1802 —
1340 1783 1381 1809 18.
1396 1782 1437 1808 et2
1450 1792 1517 1815 agg.
1532 1784 1618 1811 Mun„
1635 1783 1679 1807 Cr.
1694 1795 1725 1799 —-
1743 1787 1783 1811 19.
1798 1781 1873 1814 passi
1886 1780 1952 1804 sunt

116 1829 200 1861 diem]
221 1830 307 1862 Papie
326 1830 399 1854 diem
414 1830 460 1859 A.;
474 1829 558 1863 Papie
571 1830 617 1854 ubi
633 1830 791 1853 clauserunt
805 1829 875 1853 diem
890 1830 977 1858 Μυκη
993 1830 1036 1854 Cr.
1053 1842 1083 1846 -
1099 1836 1141 1853 21.
1160 1829 1228 1861 xviij
1248 1829 1311 1852 iulii
1331 1829 1372 1858 A.‚
1392 1829 1479 1857 Μυκη
1501 1829 1554 1857 Cr.3
1575 1836 1617 1850 ma
1630 1827 1659 1851 la
1672 1826 1738 1849 data
1753 1823 1765 1847 b
1778 1828 1848 1848 certo
1862 1827 1954 1848 errata

111 1871 208 1904 perch&
226 1874 250 1896 il
265 1874 299 1898 18
318 1874 402 1905 luglio
421 1882 467 1898 era
485 1874 617 1903 maneat,-
628 1875 709 1906 jorse
721 1874 754 1899 28
771 1874 854 1906 Iuglio
872 1874 900 1897 in
920 1874 962 1897 cui
979 1873 1043 1898 cade
1061 1882 1094 1898 un
1112 1871 1224 1897 veneni}

1145 1941 1157 1958 θ
1176 1944 1274 1968 Anche
1294 1945 1390 1974 questa
1409 1942 1570 1974 podesteria
1588 1940 1603 1966 ὲ
1623 1942 1753 1966 attestata
1773 1941 1818 1964 dai
1840 1940 1949 1971 registri

1058 1986 1185 2018 pubblici
1208 1986 1310 2016 (Mem,
1330 1993 1354 2009 a.
1378 1992 1451 2017 1340,
1471 1985 1506 2016 11,
1527 1983 1587 2016 263,
1601 1983 1723 2017 269‚345
1739 1991 1752 2006 e
1767 1981 1831 2015 857;
1851 1982 1886 2006 cs.
1901 1982 1950 2005 V1-

201 1941 209 1959 ¹
231 1943 274 1968 Un
295 1946 387 1976 primo
407 1945 561 1969 interdetto
575 1947 675 1969 contro
690 1945 827 1977 Bologna,
843 1952 894 1969 con
909 1945 936 1968 la
950 1946 1004 1976 pri-

112 1986 232 2010 vazione
246 1986 321 2010 dello
335 1985 444 2015 Studio,
457 1994 501 2010 era
514 1988 587 2011 stato
601 1987 725 2011 lanciato
739 1988 773 2011 da
787 1987 940 2011 Benedetto
953 1986 1005 2011 ΧΠ

111 2028 144 2052 ed
164 2036 208 2052 era
229 2029 330 2052 durato
349 2029 394 2052 dal
415 2036 431 2060 4
457 2037 548 2053 marzo
575 2029 600 2052 al
624 2036 654 2061 19
680 2029 792 2054 ottobre
814 2028 880 2061 1338
905 2029 950 2060 (cf.
971 2028 1003 2052 F.

112 2069 258 2098 CAvAzzA‚
272 2071 312 2094 Le
331 2072 415 2095 scuole
429 2071 581 2095 dell’antico
603 2072 696 2096 Studio
715 2073 772 2100 bol„
793 2070 911 2101 Milano,
930 2070 1003 2103 1896.

111 2119 136 2143 p.
159 2111 205 2135 182
227 2120 240 2136 e
260 2112 407 2139 Tamum.
425 2114 485 2136 Coei.
500 2114 574 2143 dipl..
593 2113 626 2140 11,
647 2121 672 2137 n.
688 2112 750 2145 51):
770 2120 806 2137 un
828 2121 902 2137 anno
920 2112 1002 2144 dopo,

111 2154 131 2176 il
151 2162 167 2185 4
188 2161 282 2177 marzo
304 2160 378 2186 1339,
400 2155 576 2178 l¹interdetto
598 2155 627 2178 fu
647 2156 800 2179 rinnovato
821 2162 872 2178 con
892 2156 965 2178 tutte
978 2154 1004 2178 le

111 2203 157 2219 sue
177 2203 381 2227 conseguenze:
404 2197 415 2208 ‘⁴
430 2197 457 2220 fu
478 2198 623 2220 retornato
643 2197 670 2220 lo
691 2197 845 2220 intradicto
866 2196 922 2220 alla
937 2194 1005 2220 citt&

112 2237 169 2260 “de
189 2237 318 2268 Bologna
338 2245 417 2261 como
437 2245 483 2261 era
503 2238 620 2262 denanzi
636 2256 647 2268 .,
671 2237 785 2268 (Corpus
804 2239 856 2262 chr.
878 2239 941 2268 bon„
959 2238 997 2266 ΙΙ,

110 2278 173 2310 442)
193 2286 206 2302 e
226 2277 296 2302 duro
316 2279 460 2303 anch'esso
480 2279 537 2303 fino
557 2279 726 2304 all’ottobre.

195 2319 206 2335 ²
217 2320 300 2344 Circa
311 2321 511 2345 l'edificazione
521 2322 595 2345 della
606 2321 751 2346 cittadella
761 2329 776 2346 a
784 2324 864 2353 porta
872 2321 927 2346 San
936 2322 1006 2346 Naz-

116 2370 178 2386 zaro
192 2364 214 2385 si
229 2363 263 2386 cf.
280 2363 299 2386 il
315 2364 461 2393 Alertapot.
477 2372 544 2395 reg,
557 2365 584 2387 in
600 2365 665 2387 RR.
682 2365 719 2387 ll.
735 2364 793 2389 SS..
806 2364 906 2392 XVIH‚
918 2369 1003 2395 52-55·

195 2402 206 2418 ³
226 2403 331 2431 Questa
351 2406 509 2436 podesteria
528 2404 542 2429 'e
562 2407 695 2429 attestata
715 2406 790 2438 dagli
807 2408 860 2430 atti
877 2402 1001 2438 pubblici

108 2444 210 2475 (Mem,
231 2453 254 2469 a.
278 2453 351 2478 1339,
371 2445 391 2474 Ι,
412 2452 471 2477 225,
491 2446 549 2478 631,
574 2446 666 2470 1026e
684 2452 762 2477 1151:
785 2448 962 2478 “Millinus„
985 2456 1002 2472 o

110 2486 268 2511 “Mellinus
287 2488 320 2511 de
339 2487 434 2512 Griffis
454 2488 488 2512 de
507 2489 627 2518 Brixia„
642 2497 656 2512 e
670 2489 756 2512 anche
769 2490 804 2513 da
817 2489 999 2521 un’epigrase,

108 2529 135 2552 di
164 2530 261 2560 ignota
294 2531 492 2560 provenienza.
526 2531 570 2554 nel
600 2531 696 2554 Museo
732 2531 875 2562 lapidatio
909 2532 999 2556 mod:

110 2570 122 2582 ‘⁴
135 2570 356 2595 Mcccxxxvnn.
373 2571 378 2603 Ι
394 2572 453 2595 Hoc
483 2580 553 2603 opus
576 2572 680 2596 sactum
711 2573 765 2596 fuit
782 2574 786 2595 l
803 2575 927 2605 tempore
952 2574 999 2597 do-

109 2611 122 2623 ⁴‘
135 2613 204 2635 mini
225 2612 335 2635 Millini
357 2613 389 2636 de
407 2612 409 2643 1
427 2612 544 2644 Griphis
564 2614 596 2637 de
623 2614 719 2638 Brixia
746 2616 812 2638 tune
830 2614 834 2644 Ι
851 2616 1000 2646 potestatis

110 2653 241 2677 “Mutine
252 2671 275 2683 „.
313 2654 433 2678 Insieme
453 2655 497 2678 col
519 2654 589 2679 Grifi
607 2662 652 2679 era
676 2656 687 2667 ‘⁴
699 2655 792 2679 Dinus
811 2656 844 2679 de
858 2657 1000 2680 Monteca-

110 2696 195 2720 “tino
216 2697 300 2720 iudex
322 2699 349 2720 et
370 2698 548 2727 vicecomes„
571 2698 672 2728 (Mem,
693 2706 716 2722 a.
739 2705 813 2729 1340,
833 2699 867 2729 ΙΙ,
887 2707 913 2722 n.
927 2699 997 2731 349),

106 2738 155 2761 che
169 2739 298 2769 riappare
312 2746 389 2762 come
405 2741 532 2763 visconte
547 2740 633 2763 anche
647 2740 692 2764 nel
704 2748 799 2764 marzo
817 2747 879 2772 1341
895 2740 996 2771 (Mena,

106 2786 130 2803 a.
153 2787 226 2811 1341,
248 2780 280 2807 ΙΙ,
302 2788 328 2804 11.
349 2780 418 2813 299).
457 2780 500 2805 Cf.
522 2781 632 2811 VICIN1‚
653 2785 693 2812 op.
709 2782 761 2810 cit„
775 2781 812 2810 11,
826 2789 919 2807 ›11-12.

193 2820 205 2835 ⁴
225 2822 352 2846 Secondo
377 2823 447 2846 altre
469 2824 551 2851 sonti,
571 2823 598 2847 la
618 2826 707 2847 morte
726 2824 754 2847 di
775 2824 853 2847 Azzo
867 2825 997 2848 Visconti

109 2862 136 2886 su
156 2862 177 2886 il
201 2862 232 2886 16
251 2866 364 2894 agosto:
385 2864 424 2895 gli
447 2864 602 2888 succedette
627 2864 764 2891 Luchino,
795 2866 821 2889 al
848 2866 929 2896 quale
949 2868 995 2898 poi

107 2904 150 2927 nel
175 2911 239 2937 ¹343
260 2906 414 2930 succedette
434 2906 634 2930 l‘arcivescovo
655 2905 810 2931 Giovanni.

194 2944 205 2960 ⁵
226 2946 270 2970 Cf.
293 2948 353 2971 Chr.
375 2948 440 2978 Est.¹
463 2948 492 2971 in
514 2949 579 2972 RR.
595 2949 634 2972 II.
650 2948 706 2979 SS„
721 2947 780 2979 XV,
800 2949 854 2973 col.
867 2956 926 2981 403.

1059 2035 1131 2055 cna,
1152 2028 1214 2059 ἰυι).
1251 2028 1470 2052 Erroneamente
1497 2027 1516 2050 il
1537 2026 1657 2050 Morano
1677 2024 1711 2049 da
1731 2032 1808 2048 come
1833 2021 1949 2056 podest&

1059 2078 1111 2094 con
1127 2071 1168 2094 lui
1183 2078 1231 2101 per
1246 2072 1343 2101 questo
1359 2071 1488 2093 semestre
1502 2069 1590 2092 anche
1603 2068 1777 2092 Bernardino
1792 2067 1826 2091 da
1837 2065 1950 2090 Cavria-

1059 2120 1110 2143 go:
1132 2113 1152 2136 il
1173 2113 1255 2143 quale
1276 2114 1373 2136 invece
1393 2119 1437 2135 era
1458 2112 1487 2135 in
1508 2111 1627 2134 Modena
1649 2111 1712 2133 sino
1731 2109 1777 2133 dal
1796 2108 1860 2141 1338
1874 2116 1950 2132 come

1063 2155 1076 2167 “
1087 2156 1267 2185 vicecomes„
1290 2162 1338 2186 per
1357 2154 1397 2185 gli
1417 2153 1537 2177 Estensi.

1148 2195 1158 2211 ⁷
1178 2197 1200 2220 11
1221 2196 1337 2220 castello
1357 2195 1546 2219 marehionale
1557 2194 1631 2225 degli
1645 2194 1755 2217 Estensi
1771 2201 1846 2217 sorse
1859 2193 1949 2217 allora

1060 2239 1135 2262 nella
1155 2237 1271 2262 localita
1292 2240 1377 2261 stessa
1397 2245 1449 2261 ove
1469 2235 1518 2269 pm
1538 2237 1610 2260 tardi
1633 2237 1661 2260 fu
1681 2238 1770 2260 eretto
1790 2236 1810 2258 il
1834 2235 1948 2267 palazzo

1059 2280 1108 2304 che
1128 2288 1176 2304 ora
1195 2279 1210 2303 ὲ
1223 2280 1286 2304 sede
1301 2279 1373 2303 della
1387 2279 1488 2304 Scuola
1507 2279 1638 2302 militare.
1659 2277 1702 2302 Cs.
1717 2276 1751 2301 G.
1766 2277 1945 2307 CANEvazu,

1059 2323 1102 2346 La
1131 2322 1228 2347 Scuola
1255 2323 1374 2346 militare
1399 2322 1429 2346 di
1453 2322 1570 2345 stlodena
1596 2318 1776 2353 (1756-1914).
1813 2319 1945 2349 Modena,

1058 2363 1213 2396 Ferragutl,
1239 2371 1311 2396 ¹914·
1332 2364 1389 2387 vol.
1409 2363 1429 2387 I.

1143 2405 1155 2422 ⁸
1174 2407 1227 2431 Chi
1253 2410 1360 2431 tenesse
1386 2409 1481 2438 questa
1510 2406 1634 2438 “magna
1658 2407 1759 2435 curia„
1787 2412 1834 2437 per
1857 2411 1946 2429 armar

1057 2450 1189 2473 cavalieri
1211 2457 1268 2473 non
1288 2448 1302 2473 'e
1321 2450 1398 2473 detto
1419 2449 1453 2473 da
1473 2449 1544 2472 altre
1563 2448 1652 2476 sonti;
1675 2448 1830 2472 “dominus
1844 2447 1946 2471 Hector

1058 2492 1115 2515 “de
1135 2492 1287 2522 Bononia„
1315 2490 1330 2515 “e
1354 2493 1432 2523 quasi
1453 2493 1621 2515 certamente
1647 2491 1667 2515 il
1689 2492 1771 2515 conte
1795 2490 1892 2514 Ettore
1911 2491 1945 2514 da

1055 2534 1173 2561 Panico:
1194 2534 1301 2558 Barone
1315 2534 1349 2557 da
1363 2533 1488 2557 Canossa
1504 2533 1533 2556 fu
1547 2531 1663 2564 podest-²³1
1677 2534 1705 2556 in
1721 2533 1803 2557 Siena
1818 2533 1861 2556 nel
1879 2539 1942 2564 1343

1056 2574 1133 2606 (RR.
1156 2577 1193 2599 ll.
1215 2576 1275 2603 SS„
1295 2575 1355 2605 XV,
1379 2575 1446 2607 107).
1484 2573 1715 2606 Queste³grandi
1741 2574 1810 2598 feste
1836 2576 1944 2598 manto-

1055 2625 1126 2641 vane
1147 2618 1248 2641 furono
1271 2618 1340 2641 fatte
1354 2624 1403 2648 per
1416 2617 1554 2641 celebrare
1568 2617 1593 2640 le
1608 2625 1696 2641 nozze
1710 2616 1802 2648 (1340)
1815 2618 1842 2641 di
1860 2617 1941 2647 Luigi
1974 2623 1983 2628 -

1054 2658 1189 2690 Gonzaga
1209 2667 1262 2683 con
1282 2659 1404 2683 Novella
1424 2659 1593 2690 Malaspina,
1612 2659 1639 2682 di
1661 2667 1711 2683 suo
1725 2659 1803 2690 figlio
1818 2658 1943 2682 Corrado

1053 2708 1106 2724 con
1121 2700 1212 2724 Verde
1226 2708 1243 2724 o
1258 2700 1345 2724 Paola
1358 2701 1487 2724 Beccaria
1501 2707 1515 2723 e
1529 2701 1557 2724 di
1572 2699 1699 2731 Ugolino
1713 2700 1791 2731 figlio
1805 2701 1832 2724 di
1849 2699 1942 2724 Guido

1053 2749 1105 2766 con
1121 2743 1210 2766 Verde
1224 2742 1381 2766 d’Alboino
1395 2742 1469 2765 della
1483 2741 1572 2772 Scala,
1587 2740 1695 2766 nonche
1714 2742 1806 2773 quelle
1825 2743 1853 2765 di
1869 2741 1942 2765 Azzo

1053 2785 1087 2808 da
1107 2784 1262 2816 Correggio
1275 2792 1328 2808 con
1343 2784 1524 2808 Tommasina
1539 2783 1674 2816 Gonzaga
1687 2783 1734 2817 (cs.
1748 2783 1851 2811 ΚΛΗ-ΤΑ,
1865 2784 1940 2807 Fam.

1059 2826 1193 2858 Gonzaga,
1216 2828 1271 2850 tav.
1291 2826 1317 2849 Π
1335 2833 1350 2849 e
1369 2825 1480 2857 xvnt).

1139 2866 1151 2883 ⁹
1170 2867 1214 2892 Cf.
1235 2866 1268 2891 G.
1288 2867 1422 2898 VILLAm,
1446 2869 1500 2898 Cr.,
1520 2868 1565 2898 XI,
1589 2875 1637 2898 114
1656 2876 1670 2892 e
1689 2868 1777 2892 anche
1792 2869 1852 2892 Chr.
1873 2869 1940 2895 Est..

1052 2910 1107 2933 col.
1125 2917 1184 2942 403.

1140 2949 1162 2966 ¹⁰
1183 2949 1288 2979 Questa
1308 2952 1466 2983 podesteria
1485 2949 1500 2975 ὲ
1519 2952 1692 2976 confermata
1712 2953 1786 2983 dagli
1809 2953 1860 2976 atti
1875 2952 1940 2984 pub—

2004 1183 2077 1201 Mixa.
2097 1188 2104 1197 ³

1979 1989 2009 2014 35

1977 2201 2010 2224 40

1971 2835 2002 2859 55
