2370 3603
59 827 94 858 10

58 1089 92 1121 15

53 1355 93 1384 20

57 1891 87 1908 10

118 246 202 281 [ΛΑ.
218 246 414 279 ησο-ιαῡτ]
739 238 993 274 IOHANNIS
1021 239 1092 273 DE
1118 236 1337 273 BAZANO

130 307 1958 322 .........................................................................................................................................................................................................

118 361 210 393 cium
236 360 321 393 dicti
347 361 451 393 castri
475 367 509 393 et
533 361 589 393 die
614 360 792 393 dominico
815 361 970 402 proxime
994 360 1148 402 sequenti
1173 369 1235 400 per
1258 358 1483 390 concordiam
1506 357 1610 389 salvis
1633 355 1788 398 personis
1812 355 1879 386 fuit
1902 354 1962 386 ha-

119 411 227 443 bitum
251 411 382 443 dictum
407 418 564 444 castrum.
612 411 716 442 Dicto
741 417 893 452 tempore
918 413 1011 443 facta
1035 411 1102 442 fuit
1126 410 1229 441 turris
1254 409 1372 441 Sancti
1398 408 1524 451 Laceri
1539 407 1559 439 ¹.

209 461 375 493 Dominus
399 461 594 493 Iacominus
618 462 660 494 de
690 461 1009 503 Pre1nde]partibus
1034 462 1076 494 de
1100 459 1258 492 Bononia
1281 459 1436 491 Potestas
1464 458 1621 490 Mutinae
1645 457 1706 498 [in]
1730 455 1893 498 M.cclxvj
1926 454 1962 486 in

118 513 249 545 ultimis
263 524 324 545 sex
341 515 513 547 mensibus
536 514 685 555 inceptis
702 515 735 546 in
753 515 906 547 calendis
931 515 1055 546 mensis
1078 514 1153 545 iulii
1167 512 1188 544 ².
1236 513 1320 544 Item
1346 512 1468 543 eodem
1493 517 1647 552 tempore
1672 508 1848 552 regiminis
1876 507 1960 539 dicti

119 565 251 598 domini
276 567 370 598 facta
393 567 459 599 tuit
483 567 694 608 composicio
712 567 802 599 inter
818 568 973 610 Reginos
996 567 1206 598 extrinsecos
1230 572 1263 597 et
1281 564 1486 596 intrinsecos
1499 563 1520 595 ⁸.
1567 564 1653 595 Item
1670 563 1791 594 eodem
1809 567 1963 601 tempore

118 618 240 655 Ghelfi‚
265 619 323 660 qui
349 625 445 651 erant
468 619 601 660 expulsi
627 620 669 650 de
694 619 832 652 civitate
857 619 1064 656 Florentiae,
1081 619 1257 651 redierunt
1282 628 1344 659 per
1361 616 1652 658 composicionem
1665 615 1687 646 ⁴.
1733 615 1818 646 Item
1841 613 1963 645 eodem

118 674 271 710 tempore
294 670 387 702 facta
411 670 477 701 fuit
501 670 606 701 turris
629 671 672 702 de
697 669 819 712 Bugno
833 670 854 702 ⁵.

204 722 371 753 Dominus
388 722 627 754 Marchesinus
645 724 688 755 de
706 724 890 755 Ricadona
908 724 951 756 de
975 723 1132 755 Bononia
1149 722 1303 754 Potestas
1319 721 1476 753 Mutinae
1493 720 1554 761 [in]
1580 718 1755 760 M.cclxvij
1780 718 1817 748 in
1840 716 1962 758 primis

117 782 176 807 sex
199 774 372 806 mensibus
395 775 543 816 inceptis
561 776 596 807 in
613 776 768 808 calendis
793 777 939 808 ianuarii
954 775 975 807 ⁵.
1023 776 1067 808 Et
1092 776 1127 806 in
1152 775 1246 807 dicto
1271 780 1424 815 tempore
1448 773 1533 805 dicti
1559 771 1740 804 Potestatis
1764 775 1904 802 venerat
1927 769 1963 800 in

116 826 365 859 Lombardiam
381 828 523 870 quidam
548 828 697 871 Legatus
720 829 900 860 Romanae
924 828 1060 866 Curiae,
1085 828 1144 870 qui
1163 834 1243 858 tunc
1268 826 1434 868 temporis
1457 825 1655 867 procuravit
1672 829 1709 855 ut
1726 823 1882 855 Marchio
1899 822 1963 853 Pa-

118 878 293 917 lavisinus,
317 881 426 921 partis
450 881 589 922 Imperii
615 891 678 922 per
701 888 804 913 totam
827 881 1072 913 Lombardiam
1105 886 1209 922 caput
1231 886 1265 912 et
1292 878 1499 915 dominator,
1533 879 1576 910 de
1607 877 1749 908 civitate
1773 875 1964 907 Cremonae

117 933 353 974 expelleretur,
379 934 472 976 quod
496 935 626 966 factum
651 935 718 966 fuit
742 941 779 966 ut
802 935 911 971 iussit,
944 941 978 966 et
1007 934 1132 966 civitas
1158 932 1357 969 Cremonae,
1383 932 1480 964 cuius
1504 931 1681 963 hominum
1704 929 1870 961 memoria
1894 937 1963 959 non

117 991 191 1019 erat
215 986 308 1027 quod
332 997 483 1029 unquam
506 987 623 1024 fuerit,
649 988 753 1020 rediit
777 994 810 1019 et
827 988 922 1019 venit
939 988 984 1019 ad
1000 988 1167 1030 gremium
1185 992 1324 1018 sanctae
1341 985 1460 1017 matris
1484 984 1662 1016 Ecclesiae
1679 989 1713 1015 et
1730 981 1961 1013 incontinenti

121 1037 379 1077 Cremonenses,
405 1040 462 1081 qui
487 1050 550 1081 per
573 1051 627 1072 xx.
652 1051 760 1072 annos
785 1047 817 1072 et
841 1041 931 1072 ultra
954 1051 1016 1082 per
1038 1040 1234 1071 universum
1260 1039 1423 1070 mundum
1442 1038 1575 1069 iverant
1592 1036 1774 1073 exulando,
1791 1035 1827 1065 in
1844 1043 1962 1066 eorum

117 1090 257 1124 civitate
280 1098 314 1123 et
337 1092 494 1124 domibus
518 1094 695 1125 redierunt
708 1092 729 1125 ⁷.
778 1094 860 1125 Item
884 1094 1006 1125 eodem
1031 1099 1184 1133 ternpore
1207 1091 1410 1124 obsiderunt
1434 1090 1635 1122 Parmenses
1658 1088 1810 1130 Burgum
1842 1086 1963 1119 Sancti

116 1142 258 1182 Donini‚
283 1144 319 1175 in
344 1155 488 1186 quorum
513 1145 667 1178 subsidio
692 1147 828 1178 iverunt
853 1147 1037 1178 ducentum
1055 1145 1181 1176 milites
1198 1155 1276 1175 cum
1293 1142 1554 1186 quadringentis
1569 1141 1746 1183 peditibus
1762 1139 1965 1181 praeelectis

116 1195 161 1228 de
185 1196 327 1228 civitate
351 1197 527 1234 Mutinae3
546 1204 579 1229 et
602 1208 679 1230 cum
704 1199 875 1240 praedicti
900 1204 1012 1230 essent
1030 1198 1063 1228 in
1081 1197 1244 1235 exercitu,
1265 1196 1423 1228 dominus
1440 1195 1563 1227 Bosius
1580 1195 1623 1226 de
1643 1193 1802 1229 Doveria,
1820 1192 1877 1234 qui
1894 1198 1965 1223 erat

116 1248 153 1279 in
177 1249 368 1281 confinibus
384 1257 526 1292 propter
542 1251 773 1292 suspicionem
791 1258 909 1283 contra
934 1251 1045 1292 ipsum
1069 1250 1233 1287 habitam,
1258 1249 1365 1291 fregit
1390 1248 1543 1280 confines
1567 1257 1645 1278 cum
1668 1246 1738 1277 suis
1761 1244 1965 1287 sequacibus

115 1306 149 1333 et
173 1302 324 1334 reclusus
348 1302 414 1334 fuit
438 1303 475 1334 in
499 1303 658 1335 Rocheta
682 1315 742 1336 sua
766 1305 917 1336 tenendo
942 1304 1099 1335 similiter
1123 1308 1271 1334 castrum
1296 1301 1432 1342 Tecoli,
1467 1310 1555 1342 quae
1579 1300 1648 1332 duo
1672 1305 1783 1330 castra
1815 1297 1964 1330 inconti-

116 1354 212 1386 nenti
236 1365 256 1385 a
279 1354 495 1393 Lombardis,
519 1356 652 1389 scilicet
683 1356 1011 1394 Mediolanensibus,
1035 1355 1335 1391 Cremonensibus,
1359 1352 1606 1389 Brixiensibus,
1630 1350 1856 1387 Placentinis,
1881 1350 1964 1381 Par-

205 1478 228 1496 2.
247 1471 345 1497 Lazari
369 1474 422 1501 Cr.,
444 1474 492 1502 M„
519 1475 548 1498 T.
563 1488 594 1491 —
609 1481 632 1506 3.
652 1474 886 1505 Prendipartibus
906 1473 991 1497 Mun:
1010 1472 1247 1503 Prendepartibus
1270 1471 1322 1497 Cr„
1342 1471 1384 1494 M.
1397 1482 1407 1488 -
1422 1469 1451 1493 in
1461 1467 1484 1500 ²]
1499 1475 1516 1493 a
1528 1468 1606 1493 Mun.
1628 1481 1658 1485 —
1681 1474 1703 1499 5.
1718 1466 1901 1499 intrinsecos]
1914 1467 1964 1492 cos>

119 1514 173 1544 Cr„
187 1513 236 1542 M.;
249 1514 276 1538 in
289 1514 314 1538 A
327 1516 352 1539 si
365 1516 450 1545 ripete
467 1518 641 1540 extrinsecos
656 1529 687 1533 —-
701 1515 753 1548 5-6.
773 1515 851 1539 Item.
861 1533 866 1538 .
876 1533 895 1538 ..
915 1515 1024 1546 Bugno.
1034 1522 1083 1538 om.
1103 1513 1182 1538 Mun.
1201 1526 1228 1530 —-
1244 1511 1267 1536 8.
1283 1513 1381 1536 devica
1395 1512 1469 1535 dona
1484 1511 1508 1534 A
1523 1520 1528 1538 ;
1543 1511 1576 1534 de
1590 1509 1744 1534 Ricardina
1758 1509 1850 1537 MUR.;
1866 1509 1899 1533 de
1913 1509 1963 1533 Ri-

117 1555 225 1579 cadona
246 1556 303 1585 Cr.;
315 1557 349 1581 de
359 1557 544 1582 Riccadonna
557 1559 598 1581 M.
612 1571 622 1576 -
636 1557 785 1591 Mcclxvij]
798 1557 891 1589 prima
909 1557 937 1581 in
956 1555 989 1580 A.
1002 1563 1049 1581 era
1061 1557 1154 1580 scritto
1171 1554 1349 1587 12773poifu
1363 1556 1477 1578 correcto
1491 1554 1567 1577 dalla
1580 1556 1664 1577 stessa
1677 1561 1709 1576 m.
1723 1552 1750 1576 in
1763 1551 1831 1582 1267
1844 1564 1852 1569 -
1867 1552 1964 1583 impri-

117 1598 170 1622 mis
183 1597 225 1628 A„
239 1598 285 1629 qul
299 1607 312 1622 e
331 1602 418 1630 spesso
439 1600 547 1624 altrove
562 1613 592 1617 —
608 1608 632 1632 9.
648 1612 655 1617 -
671 1608 696 1631 p.
714 1598 754 1631 38,
769 1599 787 1623 1.
804 1606 824 1623 1.
846 1598 881 1622 Et
896 1600 925 1622 in
946 1599 1023 1622 dicto
1076 1616 1081 1621 .
1103 1598 1215 1621 fuerunt
1229 1597 1349 1620 obsessa.
1368 1595 1437 1619 Item
1451 1603 1498 1618 om.
1512 1594 1591 1619 MUR.
1605 1607 1637 1612 -
1654 1600 1686 1617 10
1699 1601 1712 1617 e
1728 1600 1755 1617 11
1771 1593 1962 1617 Lohbardiam

119 1640 152 1663 A.
171 1640 217 1671 qui
234 1649 247 1663 e
266 1644 354 1671 spesso
373 1642 441 1666 dove
460 1644 508 1666 l’m
528 1643 648 1667 incontra
674 1643 696 1666 il
719 1643 736 1666 b
756 1655 788 1659 —
811 1648 851 1665 10.
871 1641 918 1672 qui
938 1648 1006 1664 corr.
1027 1641 1053 1663 in
1073 1640 1106 1663 Α.
1125 1648 1155 1664 su
1175 1639 1310 1670 quoniam
1331 1637 1437 1662 cancell.
1459 1644 1604 1666 -710-11.
1619 1636 1779 1660 Placisinus
1792 1635 1962 1663 A.;Pa1av1-

119 1681 199 1706 sinus
216 1682 275 1706 Cr.:
290 1682 471 1708 Palavicinus
485 1685 534 1713 ln„
556 1685 582 1708 T.
599 1697 630 1702 -
648 1690 687 1709 12.
701 1685 766 1715 dopo
781 1684 865 1708 lussit
887 1684 931 1707 Cr.
952 1691 1000 1707 om.
1019 1684 1054 1709 et.
1069 1683 1112 1707 che
1126 1680 1138 1705 ὲ
1153 1682 1232 1705 anche
1245 1682 1273 1705 in
1287 1682 1327 1704 M.
1343 1694 1373 1698 --
1392 1687 1430 1711 14.
1446 1678 1570 1710 iverant]
1585 1678 1635 1704 cosi
1653 1680 1706 1707 Cr..
1721 1679 1770 1706 M„
1791 1678 1834 1705 T.;
1850 1679 1961 1701 iuerunt

117 1724 150 1747 A.
165 1736 174 1741 -
187 1723 282 1757 Santi]
303 1726 329 1749 in
349 1726 382 1750 A.
402 1727 479 1758 quasi
496 1728 594 1758 sempie
608 1727 630 1750 il
644 1730 753 1759 gruppo
773 1727 801 1750 ct
820 1724 833 1749 ἒ·
850 1726 990 1750 trascritto
1000 1733 1045 1748 con
1056 1725 1078 1748 il
1094 1725 1148 1748 solo
1162 1726 1174 1747 t
1194 1723 1232 1756 [p.
1246 1732 1266 1746 e.
1278 1723 1386 1752 otober,
1406 1722 1532 1755 preditus
1544 1732 1577 1741 =
1588 1721 1740 1754 predictus,
1753 1720 1906 1752 otingenti‚
1920 1720 1959 1743 vi-

117 1765 215 1794 maiia,
235 1769 322 1797 artus,
336 1767 399 1799 eea]
420 1782 452 1787 —
476 1775 514 1800 17.
529 1769 559 1793 B.
573 1769 599 1793 d.
613 1769 741 1792 Dovaria
763 1769 823 1795 Cr.:
838 1768 943 1792 Dosius
963 1767 988 1791 d.
1008 1766 1113 1790 Doeria
1132 1765 1183 1795 M.;
1205 1765 1318 1789 noxius
1332 1765 1358 1789 d.
1373 1764 1479 1788 Doaria
1505 1764 1533 1787 T.
1556 1777 1585 1780 —
1610 1770 1648 1795 19.
1669 1764 1762 1787 roceta
1782 1762 1833 1791 Α.·,
1854 1762 1961 1793 rocetta

119 1807 163 1831 Cr.
173 1817 179 1836 ;
191 1809 220 1832 iu
232 1810 317 1833 rocha
328 1817 378 1834 sua
392 1811 444 1839 M.;
460 1812 489 1835 in
504 1818 565 1835 arce
579 1818 628 1835 sua
646 1811 674 1835 Τ.
690 1824 698 1828 ·
713 1809 811 1835 Tezoli
827 1818 896 1835 corr.
910 1811 937 1834 in
951 1809 984 1833 A.
998 1818 1026 1833 su
1041 1808 1152 1837 Teroli;
1168 1808 1265 1832 Teroli
1281 1808 1340 1835 Cr.;
1355 1805 1448 1831 Tezoli
1466 1806 1518 1831 *Ma
1533 1804 1659 1830 Tozollii
1677 1806 1704 1828 T.

115 1884 129 1897 ³
137 1885 217 1917 poris
224 1886 311 1910 alium
323 1886 428 1912 Gatum
438 1895 501 1912 cum
510 1888 555 1912 via
563 1889 685 1921 cuperta,
698 1889 745 1918 qui
757 1889 817 1911 erat
828 1893 925 1910 versus
932 1886 1010 1910 Sera-

115 1926 127 1939 “
138 1927 248 1956 vallum,
268 1928 398 1953 similiter
410 1930 605 1954 combuserunt
618 1931 647 1954 et
666 1931 750 1954 etiam
765 1929 905 1961 quoddam
920 1928 1009 1952 Butti-

114 1968 126 1981 ·‘
137 1967 253 1999 fredum,
272 1971 346 2000 quod
366 1970 475 1995 factum
490 1973 549 1995 erat
562 1972 624 1995 loco
639 1971 723 2004 primi
739 1970 807 1995 Gati
822 1971 1010 1994 conbuserunt

115 2009 233 2034 “eodem
254 2012 348 2036 modo.
368 2012 504 2037 Finaliter
522 2014 619 2037 tamen
640 2020 687 2045 per
707 2012 855 2045 penuriam
875 2019 944 2042 aque
966 2012 1008 2035 de·

116 2051 129 2064 ¹‘
140 2054 257 2078 strerios
270 2056 298 2078 et
311 2055 462 2079 destrerias
473 2057 501 2080 et
514 2062 601 2086 equos
615 2055 686 2080 alios
699 2056 779 2087 quasi
794 2055 904 2079 centum
921 2053 1009 2086 perdi-

115 2095 128 2108 “
139 2095 239 2120 derunt
250 2098 278 2120 et
290 2104 391 2128 panem
405 2104 466 2121 cum
481 2098 548 2121 vino
566 2098 752 2128 temperatum
762 2098 791 2120 et
801 2096 854 2120 alia
866 2095 950 2126 [mala
968 2095 1009 2126 Γ]

114 2136 127 2149 ‘⁴
139 2137 246 2162 cibaria
277 2138 422 2162 comedere
448 2145 556 2162 necesse
585 2138 724 2163 habebant
756 2145 805 2162 nec
838 2145 1010 2167 succursum,

116 2178 129 2191 ‘¹
141 2186 190 2211 per
204 2187 286 2210 quem
300 2181 436 2204 exercitus
450 2180 642 2213 impediretur,
658 2180 758 2203 habere
772 2180 931 2211 potuerunt,
945 2180 1009 2203 licet

117 2223 128 2233 ‘¹
138 2221 270 2245 dominus
282 2221 486 2246 Manfredusde
498 2222 557 2246 Piis
567 2229 627 2245 cum
639 2221 764 2245 Domino
777 2221 930 2245 Accursino
943 2221 1009 2252 [Ae-

117 2264 232 2287 “cursio
251 2264 298 2292 T.;
320 2264 492 2287 Benacursio
512 2264 565 2292 M).
577 2263 609 2287 de
630 2263 825 2287 Montecucolo
839 2264 867 2286 et
878 2262 1010 2286 Grasulfis

54 2311 76 2327 2²
115 2305 271 2330 “omnibus
281 2306 345 2329 aliis
356 2306 476 2338 expulsis
487 2304 607 2337 (exclusi
625 2304 665 2335 T.)
676 2312 736 2328 cum
747 2304 912 2329 soldaderiis
920 2305 1009 2328 teuto-

116 2346 128 2359 “
140 2348 212 2371 nicis
222 2348 250 2371 et
262 2347 397 2371 militibus
410 2348 443 2372 de
456 2348 556 2371 Tuscia
566 2355 625 2371 cum
638 2347 767 2370 ducentis
779 2346 915 2370 militibus
929 2346 1009 2369 Lam-

114 2389 267 2413 “bertaciis
281 2388 314 2413 de
334 2389 465 2413 Bononia
480 2389 558 2412 iuxta
571 2389 660 2413 locum
671 2389 718 2420 qui
729 2387 834 2412 dicitur
849 2387 1009 2412 Canevacia

115 2431 127 2444 '¹
139 2430 309 2462 [Cancuacia
328 2431 374 2460 T.3
388 2431 528 2455 Cacuacia
542 2429 595 2461 M.]
615 2430 737 2454 fuissent
752 2430 923 2453 unanimiter
935 2429 1009 2453 ultra

115 2472 128 2485 “
138 2473 311 2504 septingenti
321 2472 426 2496 mxlites
435 2479 486 2505 pro
495 2471 620 2496 subsidio
628 2471 767 2504 prebendo
775 2471 908 2502 predictis
917 2471 1008 2494 obses-

116 2514 129 2526 “
140 2515 179 2537 sis
189 2531 212 2545 ».
227 2514 267 2538 La
285 2511 397 2538 localita
410 2514 488 2538 detta
503 2515 626 2538 Bottac
636 2521 650 2537 c
660 2514 669 2537 i
679 2521 694 2537 a
709 2512 723 2537 ‘e
737 2521 754 2537 a
767 2513 915 2537 sud-ovest
928 2513 955 2536 di
971 2513 1007 2536 M.

114 2556 236 2583 vanarn.
246 2563 327 2580 verso
339 2556 436 2580 Monte
447 2555 566 2584 Orse11m
580 2556 608 2580 la
620 2556 642 2581 C
654 2556 814 2580 anevacia
825 2553 839 2579 e
851 2555 885 2579 da
898 2556 1008 2578 ricono-

113 2604 188 2621 scere
196 2597 265 2622 nella
272 2595 384 2622 localita
393 2597 467 2621 dello
477 2599 563 2622 stesso
574 2605 655 2621 nome
663 2600 706 2621 tra
716 2596 868 2621 Bombiana
876 2603 890 2619 e
898 2596 1007 2620 Monte·

112 2647 141 2664 se
155 2639 179 2670 (“
192 2639 345 2664 Canevatia
357 2656 370 2669 „
395 2640 439 2670 uel
465 2639 588 2669 diploma
610 2639 637 2662 di
658 2639 790 2663 Federico
814 2638 847 2667 ΙΙ,
870 2639 1008 2667 Bonum,

114 2689 140 2705 n.
159 2680 248 2713 1641)3
263 2679 288 2705 sl
304 2682 353 2705 che
367 2688 396 2710 se
414 2688 446 2705 ne
463 2681 565 2705 deduce
583 2681 632 2712 che
648 2681 688 2712 gli
703 2680 785 2709 aiuti,
803 2679 943 2704 movendo
965 2679 1009 2703 dal

114 2722 257 2754 Frignano
271 2730 285 2747 e
301 2723 376 2747 dalla
391 2724 531 2752 Tuscana,
551 2730 608 2747 non
628 2725 767 2754 poterono
788 2723 960 2748 avvicinarsi
983 2722 1007 2745 al

114 2764 228 2794 castello
242 2764 271 2788 di
285 2765 382 2789 Monte
399 2765 522 2794 Vallaro,
537 2772 582 2788 ma
595 2771 630 2788 ne
644 2766 779 2788 rimasero
795 2764 901 2788 lontani
916 2771 1007 2796 parec-

113 2805 175 2829 chie
198 2806 304 2837 miglia.

196 2845 204 2861 ¹
224 2846 330 2875 Questa
349 2849 435 2878 torre,
449 2848 500 2872 che
512 2847 543 2873 fu
557 2848 633 2872 detta
647 2848 734 2872 anche
747 2847 773 2872 la
787 2848 864 2872 torre
885 2847 930 2871 dei
944 2847 1007 2871 Mu-

67 2887 69 2890 '
114 2888 194 2917 razzi,
214 2896 259 2912 era
279 2889 324 2913 nel
342 2889 474 2914 suburbio
495 2890 626 2914 orientale
644 2890 712 2913 sulla
728 2889 773 2913 via
787 2889 896 2912 Emilia.
912 2895 1008 2920 presso

53 2936 83 2960 35

113 2931 137 2952 ia
156 2931 247 2954 chiesa
268 2931 296 2955 di
316 2938 365 2955 san
387 2932 515 2961 Lazzaro,
536 2940 552 2955 a
571 2939 607 2954 un
628 2931 792 2954 chilometro
812 2930 884 2954 dalla
904 2929 980 2954 citta.

200 2972 209 2986 '⁸'
230 2973 391 2997 Podesteria
413 2982 469 2998 non
489 2974 699 2998 documentata:
722 2974 738 2997 ἰ1
760 2973 942 3005 Prendiparte
962 2979 1006 2996 era

1061 1885 1153 1916 guelfo
1174 1885 1219 1915 (cf.
1241 1884 1438 1913 Cium-mmm,
1461 1883 1566 1911 Chron„
1589 1890 1616 1914 p.
1636 1889 1678 1914 31,
1693 1883 1710 1906 l.
1726 1889 1773 1913 29:
1795 1881 1913 1905 “Minus
1927 1879 1961 1904 de

1063 1928 1076 1941 “
1087 1928 1322 1960 Prendipartibus
1332 1927 1370 1958 „).

1150 1968 1161 1984 ³
1181 1970 1221 1993 La
1241 1976 1308 2000 pace
1327 1971 1372 1993 tra
1398 1969 1424 1993 la
1443 1970 1522 2001 parte
1547 1968 1698 1992 esti-insece
1718 1967 1763 1991 dei
1783 1967 1819 1991 da
1838 1965 1919 1990 Sesso
1946 1973 1960 1989 e

1062 2011 1240 2035 l’intrinseca
1253 2011 1297 2035 dei
1317 2010 1437 2035 Roberti
1454 2009 1482 2034 fu
1503 2010 1522 2033 il
1536 2015 1550 2041 3
1571 2009 1720 2034 settembre
1740 2008 1788 2037 (cf.
1808 2009 1888 2033 Mem.
1902 2011 1960 2039 pot·

1063 2054 1133 2084 Reg.
1152 2054 1181 2077 in
1206 2054 1268 2077 RR.
1290 2054 1330 2077 II.
1351 2053 1413 2081 SS.‚
1442 2052 1518 2081 VIII,
1542 2050 1609 2076 1126
1629 2059 1643 2075 e
1663 2051 1721 2075 Lib.
1743 2051 1773 2074 de
1798 2053 1908 2081 tempor.
1930 2051 1959 2074 in

1063 2093 1103 2117 M.
1128 2094 1171 2122 G„
1192 2093 1294 2122 XXXI,
1316 2092 1387 2125 532).

1152 2135 1162 2150 ⁴
1184 2135 1227 2160 Cf.
1249 2135 1282 2160 G.
1304 2135 1437 2163 Vnmm,
1458 2134 1519 2163 VII,
1541 2139 1581 2164 ις.

1148 2176 1159 2192 ⁵
1179 2177 1287 2205 Questa
1306 2178 1381 2200 torre
1402 2176 1432 2200 fu
1450 2177 1619 2200 certamente
1638 2182 1737 2207 presso
1755 2175 1781 2199 la
1799 2172 1879 2204 citta,
1903 2181 1960 2198 non

1062 2220 1141 2253 lungi
1152 2219 1223 2243 dalla
1234 2220 1316 2252 porta
1327 2219 1352 2242 di
1366 2218 1535 2245 Cittanovaz
1547 2218 1647 2241 intatti
1662 2217 1707 2241 nei
1723 2217 1816 2244 lllem„
1826 2223 1870 2241 an.
1886 2221 1960 2248 1342,
2010 2229 2020 2241 a

1061 2263 1115 2287 vol.
1136 2262 1170 2290 ΙΙ,
1186 2270 1212 2285 n.
1234 2268 1294 2290 221,
1314 2261 1337 2285 si
1359 2262 1505 2284 menziona
1519 2259 1538 2283 il
1559 2259 1667 2284 Molino
1687 2260 1731 2282 dei
1751 2258 1892 2283 Canonici
1911 2265 1961 2291 po-

1061 2307 1105 2330 sto
1126 2305 1169 2329 nel
1187 2306 1277 2335 borgo
1290 2304 1319 2327 di
1333 2302 1503 2327 Cittanova:
1520 2301 1532 2313 ⁰
1544 2301 1673 2326 civitatis
1687 2302 1796 2326 Mutine
1809 2301 1889 2326 extra
1902 2301 1960 2324 tur-

1061 2347 1139 2371 “rim
1161 2346 1193 2370 de
1214 2346 1347 2376 Albugno
1359 2361 1381 2374 η.

1148 2385 1160 2402 ⁶
1180 2387 1346 2411 Podesteria
1375 2385 1551 2410 confermata
1577 2385 1623 2410 dal
1651 2386 1772 2418 reglstro
1802 2384 1844 2409 del
1873 2383 1960 2415 pallio

1062 2432 1086 2460 (³⁴
1098 2430 1123 2454 d.
1150 2429 1322 2453 Marchixini
1348 2428 1381 2452 de
1406 2427 1575 2452 Richadona
1586 2427 1626 2458 1,);
1653 2427 1832 2452 Marchesino
1859 2433 1905 2450 era
1931 2426 1959 2449 di

1060 2473 1140 2503 parte
1160 2471 1255 2503 guelta
1276 2469 1324 2501 (ct.
1345 2470 1542 2499 Cmrmsrm,
1565 2470 1672 2498 Chron„
1694 2476 1720 2501 p.
1742 2476 1784 2501 31,
1805 2468 1825 2493 1.
1845 2473 1891 2498 27:
1912 2467 1960 2491 “d.

1062 2514 1075 2526 α
1087 2512 1280 2536 March‘xinus
1300 2511 1484 2535 Riehadonne
1497 2511 1530 2543 η).

1149 2553 1160 2569 7
1181 2554 1226 2579 Cf.
1247 2554 1315 2578 Ann.
1337 2554 1452 2578 cremon.
1472 2553 1500 2577 in
1521 2554 1563 2577 ΑΙ.
1586 2554 1629 2582 G.,
1644 2552 1744 2582 XXXI,
1764 2558 1807 2578 20.
1825 2552 1848 2576 Il
1866 2552 1960 2584 legato

1058 2597 1225 2630 apostolico,
1245 2597 1292 2628 qui
1314 2597 1478 2625 acoennato,
1499 2596 1567 2620 deve
1587 2602 1676 2620 essere
1690 2594 1747 2620 uno
1761 2594 1806 2618 dei
1820 2594 1880 2623 due,
1895 2595 1960 2618 Ber-

1059 2639 1148 2663 nardo
1167 2639 1202 2663 da
1223 2638 1400 2669 Castagneto
1420 2645 1437 2661 ο
1452 2637 1631 2662 Bartolomeo
1646 2637 1726 2661 abate
1741 2636 1774 2661 de
1788 2637 1897 2665 Trebis,
1910 2636 1960 2660 che

1059 2680 1202 2705 Clemente
1222 2679 1262 2704 IV
1282 2686 1370 2704 aveva
1397 2680 1542 2703 incaricati
1568 2679 1598 2703 di
1623 2679 1780 2703 conciliare
1805 2678 1830 2702 le
1852 2677 1960 2702 fazioni

1060 2723 1129 2747 neue
1157 2720 1228 2746 citt-i
1256 2721 1397 2745 lombarde
1422 2720 1464 2751 (31
1493 2722 1614 2753 germaio
1643 2720 1720 2752 1267,
1743 2720 1777 2751 cf.
1804 2721 1958 2753 Boanum,

1060 2772 1087 2788 n.
1107 2764 1205 2796 975S):
1225 2765 1280 2787 essi
1300 2764 1325 2787 si
1345 2754 1539 2794 adoperaroiio
1555 2770 1603 2795 per
1616 2764 1769 2788 tramutare
1789 2762 1958 2791 Cremonae.

1059 2808 1139 2839 parte
1159 2805 1255 2838 guelt'a
1275 2805 1416 2829 mediante
1437 2805 1462 2828 la
1480 2806 1602 2830 cacciata
1622 2805 1651 2828 di
1671 2805 1777 2829 Uberto
1796 2804 1958 2828 Pelavicino

1059 2856 1073 2872 e
1092 2848 1121 2873 di
1142 2849 1233 2873 Buoso
1253 2848 1288 2871 da
1307 2848 1429 2877 Dovara,
1444 2847 1574 2879 ponendo
1588 2848 1617 2871 in
1637 2847 1727 2878 quella
1740 2844 1809 2870 cit-ta
1822 2853 1858 2869 un
1873 2846 1959 2878 pode-

1060 2888 1104 2914 stzi
1118 2897 1221 2917 nuovo,
1236 2890 1284 2913 vhe
1298 2889 1328 2912 fu
1341 2889 1464 2913 RinaI‘io
1478 2889 1577 2913 Scoffi.
1592 2887 1637 2919 gii
1652 2888 1680 2912 in
1695 2888 1784 2912 carica
1798 2887 1816 2911 il
1828 2887 1859 2911 28
1870 2887 1958 2919 aprile

1065 2931 1109 2955 (cf.
1134 2932 1281 2959 [humum.
1303 2939 1349 2953 nn.
1372 2937 1453 2961 14341
1466 2931 1488 2959 h,
1512 2933 1624 2960 143.12):
1639 2937 1694 2953 non
1710 2928 1765 2960 pub
1785 2929 1914 2953 trattarsi
1929 2929 1957 2951 di

1064 2974 1172 3005 Filippo
1199 2975 1379 2997 arc‘vescovo
1405 2973 1433 2996 di
1460 2973 1603 2998 Ravenna.
1624 2973 1770 2996 ‹er-stitutio
1791 2972 1881 3003 legato
1901 2971 1958 2995 nel-

1989 2010 2022 2033 40

1988 2642 2018 2667 55

1987 2848 2020 2872 60
