2318 3603
93 691 110 705 ζ.
132 690 182 707 751!

216 1387 245 1403 10

216 1596 242 1620 15

213 2224 247 2250 ³0
279 2222 291 2234 ι(

216 2649 250 2672 40

216 2860 246 2884 45

861 234 1175 271 CHRONICON
1205 232 1514 271 MUTINENSE
1940 240 1991 275 [A.
2013 243 2106 276 1³47]

274 358 524 399 providendum
549 369 592 389 ne
617 357 828 389 Theutonici
853 357 895 388 de
920 363 1035 389 cetero
1059 357 1203 388 transire
1227 357 1363 388 valeant
1387 357 1473 389 citra
1490 363 1621 389 montes
1635 357 1654 388 ¹.
1700 357 1805 389 Dicto
1821 363 1972 399 tempore
1990 359 2045 390 die
2062 369 2106 389 xx

273 411 397 442 mensis
421 410 639 442 novembris²
663 410 697 441 in
728 420 851 441 aurora
882 410 953 441 diei
976 410 1142 452 praelium
1166 410 1231 441 fuit
1254 410 1287 440 in
1313 410 1408 442 Urbe
1433 411 1476 441 ad
1507 417 1639 452 portam
1672 411 1790 442 Sancti
1814 410 1987 442 Laurentii
2019 411 2106 442 inter

273 463 508 504 Colupnenses
532 468 566 494 et
587 472 666 494 suos
689 473 853 504 sequaces
875 462 1086 494 extrinsecos
1109 462 1224 499 Urbis,
1249 462 1306 504 qui
1331 463 1469 494 fuerunt
1501 473 1561 495 sex
1587 470 1723 495 centum
1748 463 1882 504 equites
1906 469 1939 495 et
1963 469 2107 505 quatuor

274 522 410 548 centum
426 515 559 557 pedites
577 515 759 547 bellatores
774 526 815 546 ex
832 526 899 546 una
912 521 1022 556 parte,
1034 514 1211 547 venientes
1224 515 1268 546 ad
1280 514 1421 552 Urbem,
1440 521 1473 546 et
1486 515 1675 547 Tribunum
1689 527 1766 547 cum
1780 515 1850 547 filio
1863 526 1924 547 suo
1937 521 1970 547 et
1981 516 2107 557 populo

272 569 377 601 Urbis
390 569 448 610 [et]
462 568 602 600 soldatis
614 569 682 600 suis
694 578 736 600 ex
748 569 856 600 altera
868 574 964 610 parte
975 568 1160 600 existentes
1172 568 1206 599 in
1220 567 1330 604 Urbe:
1346 567 1379 598 in
1389 579 1456 610 quo
1469 569 1599 610 praelio
1608 569 1862 601 succubuerunt
1874 569 2108 610 Colupnenses

273 627 307 655 et
323 632 440 654 eorum
456 631 629 664 sequaces.
676 622 729 652 De
746 621 868 664 quibus
885 621 1008 652 mortui
1024 627 1100 652 sunt
1113 621 1181 663 xij„
1197 621 1287 651 inter
1304 631 1388 662 quos
1405 621 1544 653 fuerunt
1560 632 1681 654 novem
1700 623 1742 654 de
1760 622 1927 665 progenie
1944 621 2107 653 nobilium

273 675 317 706 de
333 674 501 716 Colupna,
514 673 698 706 videlicet'
717 673 879 706 Stefanus
896 674 1025 705 domini
1045 673 1189 711 stefani,
1207 673 1332 716 Pupius
1350 673 1393 704 de
1411 673 1595 716 Galligalli,
1613 674 1903 719 Camcolupninus
1921 673 1993 705 eius
2008 673 2107 711 filius,

272 726 392 759 Petrus
415 727 459 758 de
482 725 643 769 Agabito,
667 726 809 758 Carolus
834 726 877 758 de
901 726 1014 763 Mens,
1039 725 1160 758 Petrus
1183 725 1361 763 Columna,
1386 726 1561 758 Rodulfus
1585 728 1628 759 de
1652 726 1853 764 Palestrina‚
1871 726 2050 758 Petrucius
2065 726 2109 758 de

273 779 505 821 Francipanis,
516 779 725 811 Callaballus
738 779 851 817 Canis,
862 789 979 811 omnes
989 780 1031 811 de
1042 779 1206 821 progenie
1218 778 1486 820 Colupnensium
1496 779 1517 810 ³.
1541 780 1643 811 Dicto
1653 786 1804 821 tempore
1813 780 1904 822 xxvij
1914 779 2108 811 novembris

272 834 306 864 in
323 833 406 864 hora
422 832 533 874 prima
556 832 751 874 crepusculi
768 833 879 864 noctis
896 833 1054 864 dominus
1071 831 1178 874 Obieo
1195 832 1355 864 Marchio
1373 831 1539 872 [estensis]
1556 833 1715 864 dominus
1731 833 1881 864 civitatis
1897 831 2058 864 Ferat-iae
2074 836 2108 863 et

361 974 382 990 1.
397 966 447 998 xx]
466 973 485 990 x
499 966 576 991 MUR.
589 981 619 984 -—
632 967 798 1000 2.populun1
814 967 867 991 fuit
887 967 921 991 ad
942 968 1023 999 pnrta
1043 968 1069 990 et
1083 966 1176 989 urbem
1196 965 1290 989 Sancti
1311 965 1393 989 Laur.
1414 966 1463 994 A.3
1484 965 1622 996 proelium
1642 964 1698 989 fuit
1717 965 1752 989 ad
1773 966 1884 995 portam
1905 965 2002 989 Sancti
2022 954 2111 988 Laur-²

272 1011 357 1041 Mum,
379 1012 424 1036 Cr.
438 1025 469 1029 —
484 1018 508 1043 3.
523 1010 690 1036 colocenses
703 1012 734 1035 A.
750 1026 781 1028 —
804 1018 825 1043 5.
840 1014 866 1035 et
879 1012 977 1035 avanti
988 1020 1004 1034 a
1017 1011 1136 1034 soldatis
1150 1017 1214 1041 agg.
1229 1010 1314 1033 MUR..
1331 1011 1375 1033 Cr.
1389 1021 1400 1026 -
1413 1009 1619 1033 succubuerunt
1632 1017 1699 1034 corr.
1716 1010 1801 1038 Mun..
1818 1010 1878 1038 Cr.;
1893 1008 2106 1032 subtribuerunt

272 1055 304 1078 A.
323 1068 355 1073 —
375 1054 398 1079 6.
418 1054 471 1088 κῆ]
487 1055 567 1079 multi
590 1056 667 1080 Mun.
687 1069 720 1073 —
740 1061 762 1086 7.
784 1056 882 1079 Buzius
902 1056 943 1083 A.⁷
963 1055 1048 1081 Mun..
1071 1055 1114 1078 Cr.
1135 1067 1145 1071 -
1160 1053 1300 1085 Calligalli
1319 1054 1360 1077 Cr.
1377 1066 1388 1071 -
1403 1053 1639 1077 Zancolumninus
1653 1061 1720 1077 corr.
1736 1052 2042 1083 Mun.;zamcolop1na
2056 1052 2105 1081 Aa,

273 1099 475 1132 Zancalopinus
491 1101 536 1125 Cr.
552 1113 584 1117 -
604 1098 628 1123 8.
642 1100 766 1131 Agapito
781 1100 858 1124 Mun.
880 1112 890 1116 -
910 1099 1065 1123 Palestrina
1085 1106 1153 1123 corr.
1174 1098 1266 1127 Mun&
1289 1098 1428 1122 Palestina
1444 1098 1485 1127 A„
1501 1098 1546 1122 Cr.
1568 1111 1597 1113 —
1619 1106 1642 1129 9.
1663 1097 1850 1130 Frangipanis
1869 1096 1956 1126 Mun.⁷
1977 1097 2022 1121 Cr.
2042 1108 2053 1114 -
2072 1096 2106 1119 de

272 1143 343 1168 Cani
357 1144 444 1173 Mun„
457 1144 499 1171 A..
514 1144 559 1168 Cr.
574 1157 606 1161 —
619 1150 658 1168 10.
671 1145 791 1167 estensis
805 1151 852 1167 non
867 1143 880 1167 ὲ
892 1143 937 1167 nei
946 1143 1009 1167 testi

272 1214 392 1238 vembre.
409 1214 432 1238 Il
454 1216 586 1239 concetto
606 1214 636 1238 di
656 1213 727 1238 Cola
747 1222 792 1238 era
812 1215 870 1243 che,
890 1221 948 1238 non
974 1213 1161 1245 comparendo

272 1255 302 1278 in
322 1254 411 1279 Roma
430 1255 441 1279 i
460 1256 585 1287 principi
604 1262 619 1279 e
637 1255 678 1287 gli
698 1256 809 1279 elettori
825 1256 951 1283 citati‚si
964 1256 1072 1279 tenesse
1085 1255 1161 1285 dopo

273 1297 300 1320 la
318 1296 482 1321 Pentecoste
502 1296 546 1320 del
569 1295 635 1328 1348
655 1304 691 1320 un
711 1303 861 1329 congresso
881 1296 980 1320 italico
1008 1298 1037 1320 in
1063 1296 1161 1323 Roma,

273 1338 347 1362 nella
366 1337 467 1362 fiducia
486 1338 514 1362 di
536 1345 623 1362 essere
643 1339 696 1370 egli
719 1345 865 1370 promosso
885 1338 1057 1369 all’iinpero.

360 1378 368 1395 ¹
381 1379 426 1404 Cf.
440 1380 514 1404 nella
529 1382 614 1404 citata
630 1381 727 1404 lettera
741 1382 767 1404 ai
783 1380 943 1404 Fiorentini
957 1388 962 1403 :
980 1380 990 1391 ‘¹
1002 1380 1036 1403 Et
1046 1380 1077 1402 ut
1088 1378 1162 1402 dona

274 1422 325 1446 “et
344 1424 436 1453 gratia
456 1422 579 1454 Spiritus
598 1421 693 1447 Sancti
714 1423 953 1455 participarentur
973 1429 1020 1453 per
1046 1421 1161 1444 italicos

275 1464 287 1475 ‘¹
298 1465 454 1491 universos,
467 1464 567 1488 fratres
580 1466 607 1488 et
617 1464 692 1488 filios
704 1464 774 1488 sacri
788 1463 909 1487 Romani
925 1463 1023 1495 populi
1036 1464 1161 1494 pervetu-

275 1506 287 1518 *‘
299 1507 366 1533 stos,
378 1513 473 1530 omnes
484 1508 511 1530 et
522 1506 650 1538 singulos
659 1507 734 1530 cives
745 1507 894 1530 civitatum
906 1512 980 1529 sacre
992 1505 1073 1528 Itaiie
1087 1505 1162 1528 cives

275 1549 287 1560 “
299 1548 442 1572 Romanos
462 1548 593 1572 efficimus
613 1551 639 1572 et
666 1556 712 1572 eos
735 1549 915 1572 admictimus
940 1549 973 1571 ad
997 1548 1162 1571 electionem

275 1590 413 1623 “imperii
432 1590 465 1614 ad
485 1597 593 1614 sacrum
613 1589 772 1614 Romanum
793 1590 925 1622 populum
950 1589 1163 1613 rationabiliter

300 1633 477 1658 devolutum
492 1631 609 1657 Ortatur
620 1641 671 1657 vos
683 1634 783 1664 itaque.
793 1649 799 1656 .
809 1652 813 1656 .
823 1649 830 1656 .
844 1634 903 1664 pati
917 1633 1000 1662 nolle,
1014 1632 1161 1655 intantum

301 1675 412 1707 nephaS‚
431 1676 540 1699 tantum
561 1675 752 1706 opbrobrium,
770 1676 906 1706 quantum
920 1676 960 1698 est
975 1674 1091 1706 proprio
1109 1675 1163 1704 pri-

275 1717 288 1729 “
300 1718 360 1741 vari
380 1717 507 1746 domino,
525 1719 560 1747 et,
581 1718 705 1749 propriis
725 1718 814 1749 raptis
828 1717 993 1743 honoribus,
1013 1716 1108 1740 alieno
1123 1717 1163 1739 in·

276 1760 289 1772 “
301 1760 393 1784 debite
412 1759 528 1783 subdere
542 1759 617 1783 colla
632 1761 708 1792 iugo,
720 1766 815 1783 eorum
836 1760 969 1783 videlicet
990 1760 1036 1789 qui
1053 1759 1163 1790 sangui—

276 1800 288 1813 ¹‘
301 1809 362 1825 nem
382 1802 511 1826 italicum
532 1802 642 1830 sitiunt,
662 1803 735 1826 sicut
755 1804 820 1826 sunt
840 1802 928 1832 soliti,
954 1801 1092 1833 deglutire
1104 1817 1126 1829 „-

361 1841 372 1857 ‘2
393 1842 450 1867 Che
469 1843 491 1867 il
512 1843 584 1867 fatto
604 1844 633 1868 di
653 1846 735 1875 porta
754 1843 807 1868 San
823 1842 950 1867 Lorenzo
963 1843 1106 1867 accadesse
1120 1849 1163 1866 ve-

274 1887 399 1908 ramente
419 1885 439 1908 il
461 1891 494 1909 20
514 1886 663 1909 novembre
683 1892 785 1918 appare
811 1885 886 1909 dalla
913 1885 1011 1908 lettera
1036 1885 1064 1908 di
1091 1883 1161 1908 Cola

275 1928 301 1950 ai
322 1927 482 1951 Fiorentini
504 1929 533 1951 in
553 1927 619 1951 data
640 1928 714 1951 dello
729 1930 816 1951 stesso
829 1929 932 1959 giorno
946 1928 1025 1959 (ediz.
1046 1928 1101 1956 cit.⁷
1116 1926 1162 1953 ΙΙΙ,

278 1967 345 2000 177),
367 1968 442 1993 nella
461 1970 542 2000 quale
562 1971 585 1993 si
606 1970 702 2001 legge:
726 1969 835 2000 “usque
854 1969 947 1996 hodie.
967 1969 1041 1993 diem
1068 1970 1162 1992 nostre

236 2019 242 2022 ”
277 2010 289 2023 “
302 2013 421 2036 victorie
431 2030 453 2043 η.

362 2050 372 2067 ³
392 2053 404 2076 I
425 2055 501 2078 nomi
522 2054 567 2078 dei
580 2052 737 2078 Colonnesi
753 2054 846 2078 caduti
863 2055 946 2077 morti
962 2061 978 2077 ο
992 2053 1161 2085 prigionieri

276 2096 320 2119 nel
335 2095 408 2120 {atto
420 2097 448 2120 di
463 2098 546 2128 porta
559 2096 615 2121 San
629 2095 758 2120 Lorenzo
772 2103 844 2120 sono
858 2096 977 2120 indicati
992 2095 1163 2119 variamente

277 2137 349 2161 uelle
368 2138 477 2162 diverse
498 2139 581 2162 fonti.
600 2138 683 2162 Nella
703 2138 800 2162 lettera
821 2139 906 2162 citata
926 2137 954 2161 di
976 2137 1047 2162 Cola
1067 2138 1089 2160 si
1110 2137 1162 2160 ha:

278 2179 426 2204 “Nomina
458 2182 630 2204 mortuorum
657 2181 687 2204 in
712 2180 804 2204 bello:
831 2179 996 2212 Stephanus,
1025 2179 1164 2203 Iohannes

302 2221 376 2246 filius
389 2223 458 2252 eius,
472 2222 570 2247 Petrus
587 2222 715 2255 Agapiti,
726 2222 824 2246 Petrus
838 2221 1057 2254 Columpnensis
1071 2228 1105 2245 ex
1119 2221 1164 2244 do-

286 2265 388 2288 ¹minis
408 2264 556 2288 Belvedere
576 2265 608 2288 de
629 2264 796 2295 Columpna.
822 2264 948 2287 Nomina
968 2264 1163 2295 thirapnorum

303 2307 329 2329 et
360 2307 505 2338 rapacium
534 2307 627 2330 avium
657 2313 724 2337 quas
751 2306 891 2330 conclusit
917 2305 1044 2329 columbe
1070 2308 1164 2330 nostre

303 2348 480 2379 simplicitas,
501 2351 565 2372 sunt
587 2348 653 2372 hec:
675 2348 812 2372 Iohannes
839 2346 990 2377 Guictutii,
1010 2347 1111 2371 Lotius
1132 2348 1165 2372 de

302 2389 387 2413 Tulfa
406 2390 496 2417 Nova,
515 2389 654 2414 Iohannes
674 2390 706 2413 de
726 2391 797 2414 Vico
818 2390 957 2421 prefectus
977 2390 1069 2419 Urbis⁷
1082 2389 1165 2413 Fran-

303 2432 412 2456 cischus
430 2431 505 2456 filius
525 2434 592 2458 eius.
612 2432 757 2456 Manutius
777 2434 803 2456 et
823 2432 960 2456 Berardus
986 2432 1104 2456 Corradi
1132 2433 1165 2456 de

279 2474 474 2501 “Urbeveteri.
495 2474 591 2498 Petrus
611 2474 682 2498 Cola
701 2475 735 2498 de
755 2473 907 2506 Celgiariis
926 2482 958 2498 ex
983 2475 1107 2498 dominis
1133 2475 1164 2498 de

279 2515 433 2545 “Fal-neto⁷
452 2516 552 2540 Putius
572 2516 657 2540 frater
675 2518 743 2545 01115,
763 2514 882 2540 Niccolo
910 2516 1040 2540 Cabaluii
1066 2516 1098 2539 de
1123 2516 1164 2539 Bi—

280 2558 291 2569 “
305 2558 405 2586 sentio,
424 2557 572 2581 Iannutius
593 2558 684 2581 dictus
703 2557 827 2587 Sclavus,
841 2557 1005 2581 Franciscus
1023 2557 1164 2585 Marcutii,

281 2599 442 2623 “Iohannes
461 2606 504 2623 ser
523 2598 597 2623 Gilii
611 2599 644 2623 de
657 2599 796 2629 viterbio,
810 2599 966 2623 Cecchinus
980 2600 1012 2623 de
1029 2599 1164 2628 ruviano,

281 2641 293 2653 ‘¹
304 2640 460 2672 Stephanus
482 2642 566 2665 frater
586 2643 653 2669 eius,
672 2640 768 2665 Sciara
781 2642 814 2664 de
828 2641 1004 2671 Tuscanella,
1018 2641 1165 2665 Malatesta

281 2684 293 2695 “
304 2683 337 2707 de
347 2683 440 2708 Rocca
450 2684 536 2712 Vetii,
547 2684 697 2707 Monaldus
708 2683 851 2707 Leoncelli
863 2684 896 2707 de
907 2684 1079 2711 Urbeveteri,
1093 2683 1165 2708 Cola

280 2726 293 2738 ⁴¹
306 2726 393 2750 Forca
411 2726 546 2755 Petolo„.
582 2726 612 2750 In
633 2724 667 2749 G.
686 2726 820 2752 VILLANI,
843 2728 896 2755 ὣς,
922 2726 980 2754 XII,
1004 2733 1060 2754 111.
1086 2727 1110 2750 si
1129 2727 1166 2751 ha

277 2769 326 2792 che
348 2770 506 2792 “rimasero
526 2769 608 2791 morti
630 2776 642 2791 e
662 2769 733 2799 presi
754 2769 836 2793 assai.
856 2769 931 2792 intra
951 2769 1025 2799 quali
1042 2760 1166 2800 caporal‘i

280 2814 290 2823 ‘⁴
304 2810 407 2834 surono
427 2811 510 2834 morti
533 2812 570 2833 sei
592 2810 618 2833 di
641 2817 703 2834 casa
724 2811 730 2833 i
747 2810 912 2839 Colonnesi,
932 2809 976 2833 cio
996 2810 1099 2834 furono
1113 2810 1168 2834 Ste-

280 2853 291 2865 ‘¹
305 2853 435 2875 fanuccio
449 2860 462 2875 e
476 2851 583 2875 Gianni
600 2852 730 2875 Colonna
744 2859 793 2875 suo
812 2852 940 2883 figliuolo
954 2860 968 2875 c
989 2852 1008 2876 il
1030 2854 1166 2883 proposto

280 2898 291 2907 ⁴⁴
304 2895 331 2918 di
343 2894 480 2921 Mai-sina,
492 2901 506 2917 e
517 2893 622 2917 Gianni
638 2894 766 2925 figlinolo
777 2894 929 2926 d’Agabito
941 2902 954 2917 e
966 2894 1017 2918 due
1027 2894 1092 2918 altri
1106 2894 1166 2917 loro

280 2936 427 2960 “bastardi
449 2936 554 2960 valenti
577 2937 605 2959 in
627 2942 734 2965 arme„.
754 2936 835 2960 Assa}
855 2936 998 2966 singulare
1016 2934 1030 2959 ὲ
1051 2936 1077 2959 13
1097 2943 1165 2966 grau

279 2977 423 3001 difl'erenza
443 2980 486 3001 tra
505 2975 524 3001 il
546 2980 678 3001 racconto
693 2977 737 3001 del
752 2977 859 3001 Villani
875 2984 889 3000 e
903 2977 929 3001 la
944 2977 1041 3000 lettera
1056 2978 1083 3000 di
1097 2976 1166 3000 cola

1215 1213 1244 1236 ai
1264 1212 1443 1242 Fiorentin13
1465 1220 1507 1236 nia
1528 1213 1601 1236 assai
1624 1211 1672 1243 piii
1692 1210 1706 1236 ὲ
1727 1212 1752 1236 la
1767 1213 1932 1243 divergenza
1947 1210 2019 1235 delle
2039 1210 2108 1234 altre

1218 1255 1300 1279 fonti.
1321 1254 1450 1278 L’autore
1471 1255 1633 1278 dell'antica
1662 1255 1718 1278 Vim
1739 1255 1768 1278 di
1788 1255 1852 1278 Cola
1866 1254 1896 1277 di
1914 1254 2014 1277 Rienzo
2027 1252 2108 1284 (ediz-

1216 1297 1245 1321 F.
1265 1295 1413 1326 Re‚Forll,
1429 1296 1504 1322 1828.
1526 1297 1582 1320 vol.
1604 1297 1622 1321 1.
1645 1304 1690 1327 pp.
1714 1296 1762 1328 176
1780 1304 1794 1320 e
1814 1295 1886 1328 sgg.)
1907 1293 1941 1319 da
1960 1303 2009 1327 per
2023 1294 2107 1318 morti

1216 1337 1322 1362 Gianni
1351 1338 1485 1362 Colonna
1511 1338 1589 1370 figlio
1616 1339 1645 1362 (11
1671 1338 1798 1368 stefano,
1824 1337 1940 1362 Stefano
1967 1337 2108 1363 Colonna.

1216 1379 1310 1404 Pictro
1331 1381 1358 1403 di
1380 1380 1506 1411 Agabito
1526 1380 1657 1403 Colonna
1680 1380 1691 1392 “
1704 1380 1752 1403 che
1772 1387 1816 1403 era
1838 1380 1912 1403 stato
1932 1379 2064 1410 preposto
2079 1378 2106 1401 di

1219 1423 1390 1453 “Marsiglia
1403 1441 1425 1452 „‚
1445 1422 1586 1446 Pandolfo
1607 1423 1651 1446 dci
1674 1424 1781 1454 signori
1803 1423 1831 1446 di
1851 1421 2011 1450 Belvedexe,
2031 1428 2045 1444 e
2061 1428 2107 1452 ag-

1216 1465 1320 1496 giunge
1340 1465 1388 1488 che
1410 1467 1421 1476 ‘⁴
1435 1464 1497 1487 suro
1518 1465 1544 1487 di
1562 1465 1643 1487 morti
1661 1464 1690 1487 in
1705 1471 1776 1495 poco
1791 1464 1818 1487 di
1834 1464 1928 1495 spazio
1942 1463 1977 1486 da
1987 1463 2105 1491 dodici„

1216 1514 1229 1529 e
1250 1507 1298 1529 che
1321 1506 1333 1518 “
1345 1506 1377 1529 de
1397 1506 1416 1529 li
1439 1506 1504 1529 altri
1520 1507 1602 1529 morti
1618 1523 1625 1529 .
1638 1522 1645 1529 .
1657 1525 1662 1529 .
1673 1522 1680 1529 .
1692 1506 1754 1529 furo
1769 1505 1840 1529 0013
1853 1504 1917 1528 Pon
1932 1505 1959 1528 di
1977 1504 2108 1533 Mon-alla,

1219 1548 1314 1571 “Polo
1335 1548 1361 1571 di
1383 1547 1493 1571 Libano
1513 1555 1526 1571 e
1556 1548 1636 1571 molti
1668 1547 1734 1571 altri
1760 1546 1964 1579 gentiluomini
1990 1546 2108 1574 romani,

1219 1591 1231 1602 “
1253 1591 1393 1614 orvietani
1413 1598 1426 1614 e
1446 1590 1474 1613 di
1496 1591 1566 1614 altre
1584 1591 1656 1614 terre
1676 1591 1769 1613 vicine
1792 1597 1806 1613 a
1826 1589 1916 1612 Roma
1929 1605 1951 1616 ,,.
1988 1587 2026 1611 Le
2053 1588 2108 1612 Sto-

1216 1634 1256 1657 rie
1271 1634 1337 1663 pist.
1357 1632 1437 1664 (ediz.
1461 1633 1553 1656 Barbi.
1574 1633 1602 1656 in
1624 1633 1688 1656 RR.
1712 1633 1750 1658 ΙΙ.
1765 1632 1823 1659 SS,
1844 1631 1900 1655 vol.
1921 1630 1967 1658 XI,
1988 1631 2066 1663 parte
2079 1636 2107 1660 v,

1216 1683 1242 1707 p.
1262 1682 1320 1706 230,
1342 1675 1360 1699 l.
1384 1674 1472 1706 13-17)
1491 1675 1595 1698 dicono
1614 1675 1664 1698 che
1686 1674 1698 1686 ’Λ
1710 1675 1730 1698 li
1746 1674 1853 1698 nomati
1869 1673 1954 1696 morti
1968 1671 2041 1696 della
2053 1671 2106 1695 Co-

1218 1718 1309 1741 “lona
1331 1718 1432 1741 furono
1447 1719 1549 1748 questi:
1563 1716 1751 1744 Stefanuccio,
1773 1715 1879 1740 Gianni
1900 1722 1950 1739 suo
1969 1714 2108 1746 fighuolo,

1219 1760 1231 1772 [Α
1243 1759 1337 1784 Pietro
1351 1759 1504 1790 d'Agabito
1519 1761 1665 1791 propostO,
1681 1759 1816 1783 Bastardo
1831 1757 1860 1781 di
1875 1764 1976 1781 messer
1989 1755 2106 1780 Stefano

1219 1802 1230 1814 “
1243 1810 1256 1826 e
1276 1801 1420 1826 Randolfo
1441 1802 1469 1825 di
1491 1809 1591 1825 messer
1610 1801 1772 1828 Belvedere;
1800 1800 1867 1824 delli
1883 1799 1979 1823 Orsini
2005 1799 2107 1822 surono

1219 1844 1327 1868 “morti
1349 1850 1450 1867 messer
1469 1844 1598 1867 Ranaldo
1619 1850 1633 1866 e
1646 1842 1808 1870 Giordano;
1824 1842 1895 1866 Cola
1909 1841 1981 1865 Balli
2002 1841 2030 1864 di
2051 1840 2108 1864 Mo-

1219 1887 1231 1899 “
1245 1887 1319 1916 lona,
1342 1893 1442 1910 messer
1461 1884 1608 1909 Giordano
1629 1885 1705 1917 degli
1728 1884 1865 1910 Artesini,
1886 1882 1957 1907 0013
1979 1882 2108 1911 Tartaro,

1220 1928 1314 1952 “Polo
1335 1928 1362 1951 di
1383 1927 1495 1952 Libano
1515 1936 1528 1951 e
1549 1928 1629 1951 molti
1651 1927 1716 1951 altri
1737 1926 1837 1958 gentili
1858 1925 1977 1953 uomini,
1997 1925 2106 1948 romani

1219 1971 1232 1984 ‘¹
1243 1971 1385 1995 orvietani
1406 1970 1529 1994 ed'altre
1548 1972 1620 1994 terre
1640 1971 1734 1993 vicine
1753 1977 1768 1993 a
1782 1967 1872 1992 Roma
1885 1984 1908 1997 „.
1927 1967 1951 1991 11
1965 1968 2025 1991 Chr.
2040 1967 2108 1996 Est„

1218 2021 1276 2044 444,
1295 2013 1438 2044 distingue
1460 2013 1466 2035 i
1495 2013 1588 2036 morti.
1611 2010 1835 2042 “Stephanucius
1855 2010 1887 2033 de
1906 2009 1935 2033 la
1960 2009 2108 2036 Columna,

1220 2054 1436 2078 “Zancolumna
1456 2054 1515 2078 eius
1535 2053 1617 2081 filius,
1638 2054 1734 2077 Petrus
1754 2053 1787 2076 de
1806 2052 1938 2083 Agabitis
1965 2050 2058 2083 [Ieggi
2081 2050 2106 2074 d.

1220 2096 1373 2128 “Agabitil
1395 2097 1428 2120 de
1448 2096 1596 2126 Columna,
1616 2096 1718 2119 Buzius
1738 2096 1771 2119 de
1793 2093 1958 2126 Galigariis,
1981 2094 2036 2117 duo
2063 2093 2108 2116 do-

1220 2140 1232 2151 “
1244 2139 1314 2162 mini
1335 2138 1368 2162 de
1388 2137 1513 2169 Luyano.
1534 2136 1605 2161 0013
1625 2137 1706 2161 Β3110
1721 2137 1754 2160 de
1768 2135 1843 2160 Gavi
1855 2154 1867 2165 ,,
1883 2135 1928 2159 (131
1945 2135 2022 2159 feriti
2037 2141 2107 2158 mor-

1218 2181 1360 2204 talmente.
1380 2180 1429 2203 che
1449 2180 1595 2203 sarebbero
1610 2179 1676 2203 stati
1693 2179 1705 2191 ‘⁴
1717 2177 1789 2202 Cola
1803 2177 1883 2201 Ballo
1898 2178 1931 2201 de
1945 2177 1972 2201 la
1990 2176 2107 2204 Molara,

1220 2222 1233 2234 “
1245 2222 1348 2246 Buzius
1362 2223 1395 2246 de
1409 2220 1505 2248 Gesso,
1521 2222 1651 2245 dominus
1665 2221 1810 2244 Zordanus
1824 2220 1857 2243 de
1871 2219 1972 2243 Castro
1985 2218 2107 2246 Marino.

1221 2264 1317 2288 “Cola
1337 2265 1370 2287 de
1394 2264 1469 2287 Buzo
1496 2263 1528 2287 de
1548 2263 1643 2291 Brazo,
1665 2261 1760 2294 Cynus
1783 2261 1928 2293 Gaytauus
1956 2261 2040 2285 frater
2065 2267 2108 2284 co-

1221 2306 1320 2329 “mitis
1340 2305 1440 2334 Fundi,
1460 2305 1601 2329 Kamillus
1620 2304 1695 2328 filius
1717 2303 1854 2328 naturalis
1873 2304 1898 2327 d.
1919 2302 2053 2334 Stephani
2074 2302 2108 2326 de

1221 2348 1233 2359 “
1246 2348 1272 2370 la
1287 2347 1425 2371 Columna
1438 2363 1460 2376 ‚‚.
1480 2347 1607 2371 Un’altra
1622 2345 1764 2369 relazione
1777 2347 1880 2369 venuta
1894 2345 1928 2368 da
1942 2344 2032 2368 Roma
2049 2344 2106 2368 nel-

1219 2388 1342 2412 l'Emilia
1357 2390 1471 2419 (Carpus
1490 2389 1542 2412 chr.
1557 2389 1621 2415 bon„
1636 2388 1668 2415 11.
1684 2386 1750 2419 5783
1767 2388 1828 2411 Chr.
1847 2388 1915 2414 Est„
1935 2384 1997 2418 444)
2012 2386 2106 2409 indica

1218 2432 1307 2461 questi
1324 2432 1399 2453 nomi
1415 2431 1458 2453 (lei
1475 2430 1575 2454 morti:
1593 2430 1605 2442 ‘⁴
1616 2429 1737 2453 Steffano
1754 2429 1789 2452 da
1808 2428 1834 2452 la
1849 2426 1968 2454 Colona,
1980 2427 2037 2451 Zan
2053 2426 2105 2451 Co-

1221 2474 1232 2484 “
1246 2472 1312 2495 lona
1333 2479 1382 2495 suo
1396 2471 1515 2503 figliolo,
1531 2471 1613 2495 Petro
1624 2471 1658 2494 de
1668 2471 1792 2501 Agabito
1804 2470 1875 2493 dala
1887 2469 2006 2494 Colona.
2020 2469 2106 2492 Bucio

1221 2514 1272 2537 ··''di
1295 2513 1435 2545 Galegari.
1456 2513 1538 2538 Colla
1559 2513 1638 2537 Balio
1658 2513 1692 2536 (la
1712 2511 1794 2540 Gavi,
1813 2511 1935 2535 Camillo
1956 2511 1990 2535 da
2010 2511 2036 2534 13
2056 2510 2107 2534 00-

1221 2555 1319 2584 “lona.
1339 2556 1386 2579 dui
1407 2555 1552 2579 cavallieri
1573 2555 1606 2578 de
1625 2554 1735 2578 Luiano
1748 2572 1770 2583 ‚‚.
1795 2553 1886 2584 (Cron.
1908 2552 1944 2584 Β)
1963 2553 1986 2576 11
2009 2554 2106 2576 nostro

1219 2600 1342 2622 cronista
1364 2599 1392 2621 su
1413 2598 1540 2629 adunque
1554 2598 1643 2621 esatto
1658 2597 1703 2620 nel
1718 2596 1827 2620 riserire
1842 2597 1849 2619 i
1866 2595 1942 2619 nomi
1953 2596 1996 2619 dei
2012 2594 2107 2618 colon-

1220 2642 1277 2664 nesi
1298 2640 1421 2664 Stefano.
1443 2639 1588 2663 Giovanni
1609 2647 1625 2662 o
1639 2638 1872 2662 Giancolonnlno
1887 2645 1937 2661 suo
1950 2637 2036 2668 figlio.
2050 2637 2108 2661 Pie—

1219 2686 1262 2706 tro
1282 2683 1310 2705 di
1331 2682 1456 2713 Agapito
1476 2690 1489 2705 e
1508 2681 1603 2705 Pietro
1624 2681 1667 2705 dei
1688 2681 1795 2712 signori
1811 2681 1838 2704 di
1852 2680 2017 2703 Belvedere:
2032 2679 2106 2710 degli

1220 2724 1283 2748 altri
1306 2725 1381 2748 nomi
1406 2727 1416 2736 ⁴¹
1430 2724 1531 2754 Pucius
1550 2724 1582 2747 de
1602 2722 1776 2754 Galligalli„
1798 2722 1910 2745 sarebbe
1935 2722 1954 2744 il
1983 2721 1995 2733 ‘⁴
2009 2721 2108 2745 Putius

1223 2768 1234 2779 “
1248 2767 1317 2791 Coie
1337 2767 1369 2790 de
1389 2766 1544 2797 Colgiariis
1559 2783 1569 2793 ,,
1592 2765 1665 2789 della
1679 2765 1776 2789 lettera
1791 2764 1835 2788 dcl
1850 2764 1976 2787 Tribuno
1991 2764 2065 2787 05513
2085 2763 2106 2787 11

1223 2809 1333 2832 “Bucio
1354 2809 1383 2831 di
1403 2807 1551 2839 Galigari„
1574 2807 1733 2830 dell‘antica
1766 2807 1842 2833 I'ita:
1867 2813 1882 2829 e
1909 2805 1920 2818 ‘⁴
1933 2805 2108 2829 Callaballus

1223 2851 1235 2863 “
1245 2852 1331 2874 Cavis
1340 2869 1351 2875 ,,
1364 2851 1476 2874 sarebbe
1487 2849 1709 2881 probabilmente
1721 2849 1740 2871 il
1755 2849 1766 2860 “
1776 2848 1858 2872 00113
1870 2848 1950 2871 Ballo
1961 2847 1995 2872 da
2007 2846 2079 2871 Gavi
2092 2865 2105 2877 „

1221 2902 1237 2915 0
1257 2893 1291 2916 (13
1312 2892 1386 2916 Cave
1406 2892 1478 2916 della
1499 2894 1584 2915 stessa
1612 2892 1677 2915 Vim.
1698 2890 1746 2914 Gli
1770 2891 1835 2914 altri
1864 2891 1940 2913 nomi
1968 2890 1995 2913 di
2023 2889 2107 2914 Carlo

1222 2935 1298 2959 Meli,
1319 2934 1445 2957 Rodolso
1465 2934 1498 2957 da
1518 2931 1843 2959 Palest1·ina‚Petrn·-ci‹›
1864 2931 2033 2963 Frangipani
2051 2938 2105 2954 non

1221 2977 1316 3000 hauno
1337 2976 1476 2999 riscontro
1496 2975 1568 2999 nelle
1588 2975 1651 2998 altri
1675 2975 1758 2998 sonti.

2136 832 2172 863 10

2137 1254 2171 1280 50

2136 1466 2167 1492 55

2133 1669 2169 1695 60

2137 2090 2169 2115 70

2135 2300 2166 2326 75

2134 2505 2168 2531 80

2134 2936 2169 2961 90
