2318 3603
164 428 183 442 C.

202 428 224 446 ιτ

240 428 252 441 (1

285 1576 317 1594 10

286 1816 313 1841 ις

282 2029 316 2046 20

284 2240 315 2266 ²5

284 2656 315 2681 35

284 2865 317 2890 40

943 223 1257 259 CHRONICON
1286 223 1594 259 MUTINENSE
1884 227 1968 263 [ΛΑ.
1990 229 2186 262 1264-12651

348 365 500 398 tempore
514 355 564 373 ***
578 355 588 373 ¹
600 355 694 387 venit
707 354 866 386 Marchio
880 355 1074 386 Estensium
1089 360 1122 385 et
1136 353 1261 386 Comes
1275 353 1393 385 Sancti
1407 353 1574 385 Bonefaci
1589 363 1666 384 cum
1679 352 1936 386 Ferariensibus
1944 359 1977 384 et
1988 353 2185 385 Mantuanis

348 411 383 441 in
400 410 538 442 civitate
554 408 722 440 Mutinae.
769 407 823 439 'In
840 407 900 439 illo
917 418 1007 439 anno
1026 407 1111 438 facti
1131 407 1268 437 fuerunt
1283 411 1317 437 et
1333 406 1435 437 electi
1451 412 1597 448 quatuor
1613 406 1794 447 Capitanei
1811 406 1847 436 in
1865 405 2003 437 civitate
2020 406 2185 444 Mutinae,

345 463 477 494 scilicet
501 460 659 493 dominus
678 460 870 492 Gulielmus
895 459 937 491 de
960 458 1200 502 Rangonibus,
1226 458 1385 489 dominus
1410 457 1528 490 Simon
1553 459 1596 489 de
1619 457 1810 495 Boschefis,
1835 458 1994 490 dominus
2025 457 2186 489 Atolinus

345 516 389 548 de
402 513 552 546 Rodelia
565 513 623 553 [et]
634 513 794 545 dominus
807 512 1003 555 Raynerius
1018 512 1061 543 de
1075 510 1281 547 Nonantula,
1297 516 1331 541 et
1345 510 1401 542 isti
1415 517 1576 542 rexerunt
1589 517 1714 542 terram
1727 517 1760 542 et
1773 510 1945 542 civitatem
1958 521 1978 541 a
1991 510 2048 541 die
2063 511 2184 551 expul-

345 567 451 599 sionis
483 565 720 598 Grasulforum
752 566 795 596 de
827 565 969 596 civitate
993 574 1100 606 usque
1133 564 1177 595 ad
1202 563 1415 594 nativitatem
1438 563 1590 601 Domini,
1618 564 1673 605 qui
1699 563 1839 594 fuerunt
1862 563 1943 606 xvij.
1969 562 2054 594 dies.
2100 563 2186 594 Item

345 620 467 652 eodem
492 629 581 650 anno
606 618 745 659 depicta
770 618 836 654 fuit
860 618 981 649 domus
1004 618 1094 648 intus
1111 623 1145 648 et
1161 623 1256 648 extra
1280 615 1529 648 baratariorum
1554 622 1587 647 et
1610 616 1891 658 vituperabilium
1916 616 2137 658 ancianorum
2153 622 2187 647 et

346 679 529 715 antequam
553 671 829 714 ingredierentur
852 670 980 702 dictam
1006 670 1144 701 domum
1167 670 1222 700 vel
1239 668 1416 700 Palacium
1442 669 1578 700 fuerunt
1603 669 1730 700 exclusi
1753 674 1895 710 propter
1913 678 2027 700 eorum
2049 668 2187 700 fraudes

346 732 380 758 et
404 724 600 767 nequiciam
624 724 776 765 ipsorum
801 723 836 754 in
861 722 1058 754 obrobrium
1082 722 1328 763 sempiternum
1341 720 1363 752 ².

431 777 599 809 Dominus
623 776 854 808 Guidoclerus
878 775 922 807 de
948 775 1088 817 Galucis
1113 775 1156 806 de
1180 774 1339 806 Bononia
1362 774 1518 806 Potestas
1542 772 1700 806 Mutinae
1723 785 1785 816 per
1808 775 1852 817 vj.
1878 784 2009 806 menses
2031 774 2188 815 inceptos

347 832 383 862 in
408 830 562 862 calendis
586 828 711 860 mensis
727 828 870 859 ianuarii
887 828 922 859 in
939 826 1093 859 M.cclxv
1106 825 1128 858 ³.
1174 827 1279 858 Dicto
1297 833 1449 868 tempore
1466 826 1524 858 die
1541 827 1661 858 ultimo
1678 826 1845 858 februarii
1861 827 1996 858 iverunt
2014 826 2138 857 milites
2153 831 2188 857 et

347 883 483 926 pedites
508 892 626 914 omnes
651 880 798 912 civitatis
821 880 978 912 Mutinae
995 891 1015 911 a
1031 880 1126 923 xviij.
1144 880 1242 911 annis
1258 890 1361 921 supra
1377 890 1454 910 cum
1472 878 1642 921 aliquibus
1659 879 1789 911 Ghelfis
1813 879 2015 911 extrinsecis
2039 877 2188 910 civitatis

344 935 450 978 Regii
474 935 519 966 acl
542 934 651 975 ipsam
676 933 853 964 civitatem
876 932 983 975 Regii
1009 938 1042 964 et
1067 942 1143 964 eam
1167 943 1230 973 per
1252 932 1332 969 vim,
1358 931 1504 963 durante
1522 931 1655 973 praelio
1671 937 1705 962 et
1722 937 1850 962 sturmo
1868 942 1888 962 a
1905 941 2004 962 mane
2020 940 2126 973 usque
2142 930 2187 961 ad

346 998 516 1030 vesperas,
531 992 698 1028 ceperunt
711 992 745 1017 et
758 985 836 1017 illos
847 986 888 1017 de
899 986 999 1017 Sesso
1011 995 1088 1016 cum
1098 986 1165 1016 suis
1178 984 1372 1016 fautoribus
1383 984 1532 1016 viriliter
1544 984 1747 1026 expulerunt
1756 984 1800 1016 de
1813 984 1906 1016 dicta
1919 984 2059 1015 civitate
2068 983 2186 1026 Regii,

348 1043 439 1083 ipsos
462 1038 712 1081 depraedando
736 1044 769 1070 et
794 1037 893 1070 bonis
917 1037 1075 1069 omnibus
1101 1037 1309 1079 expoliando
1323 1037 1345 1068 ⁴.
1393 1036 1478 1068 Item
1505 1036 1601 1068 dicto
1624 1042 1779 1078 tempore
1796 1036 1861 1067 fuit
1876 1042 2014 1078 captum
2038 1040 2185 1067 castrum

345 1094 473 1126 Arolae
490 1104 553 1135 per
575 1092 647 1124 vim
671 1098 705 1123 et
727 1091 774 1122 ibi
791 1090 886 1122 multi
911 1089 1127 1122 Mutinenses
1150 1090 1351 1122 exstrinseci
1368 1095 1402 1121 et
1419 1089 1547 1132 Regini
1563 1090 1702 1120 fuerunt
1718 1089 1812 1130 capti
1829 1095 1863 1120 et
1878 1088 2053 1120 interfecti
2067 1088 2078 1104 ⁵
2103 1087 2154 1104 *²¹³*
2166 1088 2187 1120 ⁶.

437 1197 458 1213 1.
479 1189 587 1212 Marcio
605 1188 630 1211 A
651 1200 659 1204 -
678 1188 797 1211 estensis
819 1188 864 1211 Cr.
885 1200 893 1203 -
914 1186 1126 1210 Farierensibus
1145 1186 1178 1208 A.
1199 1198 1231 1202 —
1253 1191 1275 1208 2.
1291 1184 1433 1216 Capitarii
1446 1184 1492 1212 A.;
1522 1182 1671 1215 Cap³tanei
1695 1183 1750 1212 Cr.,
1769 1183 1817 1212 M„
1843 1182 1874 1206 T.
1887 1195 1919 1200 —
1933 1189 1959 1214 3.
1978 1181 2097 1213 scilicet]
2118 1182 2144 1205 in
2163 1183 2187 1205 A

344 1234 357 1256 ὲ
369 1233 461 1257 scritto
475 1231 520 1262 qni
531 1230 609 1262 quasi
625 1233 728 1260 sempre
741 1229 834 1253 silicet
847 1237 860 1253 e
874 1229 926 1253 cosi
936 1230 1043 1252 aurove
1055 1229 1080 1251 si
1090 1228 1181 1251 riduce
1196 1235 1212 1250 a
1225 1228 1249 1250 si
1263 1234 1276 1250 e
1289 1235 1306 1250 a
1320 1233 1348 1250 se
1362 1227 1384 1250 il
1391 1229 1500 1257 gruppo
1514 1226 1554 1249 sci
1568 1234 1580 1249 e
1594 1233 1637 1249 sce
1652 1228 1690 1257 lp.
1704 1233 1740 1249 e.:
1753 1225 1891 1253 Francisi,
1903 1225 2025 1255 asendit!
2040 1237 2047 1241 -
2061 1224 2188 1248 Boscetis

346 1280 433 1306 spesso
453 1276 479 1299 in
498 1275 548 1303 A.;
569 1274 729 1297 Boschettis
752 1274 796 1297 Cr.
816 1274 867 1302 lm,
893 1273 923 1296 T.
944 1286 976 1290 —
997 1279 1051 1303 3-4.
1071 1271 1181 1295 Aselim
1201 1271 1234 1294 de
1253 1269 1372 1294 Rodilia
1393 1270 1439 1298 A.;
1466 1270 1619 1293 Attolinus
1639 1269 1672 1293 de
1690 1268 1808 1293 Rodilia
1829 1269 1890 1296 Cra:
1911 1268 2051 1292 Azolinus
2080 1268 2113 1292 de
2132 1266 2187 1291 Ro-

343 1318 413 1342 dilia
433 1318 487 1345 M.;
507 1316 658 1340 Attolinus
679 1316 711 1339 de
730 1314 846 1338 Rodilia
872 1315 902 1338 T.
920 1328 952 1332 —-
972 1322 996 1346 4.
1016 1313 1174 1346 Raynerius
1195 1314 1227 1336 de
1248 1312 1376 1336 Ciuitate
1395 1313 1437 1342 A„
1460 1313 1514 1336 Cr:
1534 1313 1561 1335 la
1581 1312 1730 1335 corrosione
1750 1312 1909 1334 dell'errore
1923 1319 1936 1334 e
1949 1311 2106 1342 l'aggiuntu
2120 1311 2149 1334 di
2160 1312 2188 1334 et

346 1369 405 1384 sono
425 1361 488 1383 date
507 1359 542 1382 da
562 1359 601 1382 ssl.
624 1367 637 1381 e
657 1358 684 1381 T.
700 1370 732 1374 —-
748 1364 770 1389 5.
786 1356 992 1388 Grasulporuni
1006 1356 1039 1379 A.
1061 1369 1069 1373 -
1085 1356 1261 1379 nitiuitatem
1275 1355 1308 1378 A.
1322 1367 1355 1372 —
1369 1353 1393 1378 6.
1414 1355 1605 1377 baratatorum
1625 1354 1673 1380 A‚;
1694 1354 1854 1377 baratorum
1878 1354 1931 1381 Cr„
1951 1353 1998 1382 M„
2027 1353 2055 1376 Τ.
2070 1365 2078 1369 -
2093 1352 2189 1376 aneio-

347 1409 446 1426 norum
466 1402 500 1425 A.
522 1414 553 1417 ——
576 1406 599 1431 7.
618 1402 770 1430 antaquam
789 1399 1019 1430 ingradierentur
1039 1399 1073 1421 A.
1094 1411 1125 1414 -
1146 1396 1170 1421 8.
1190 1397 1362 1428 inequieiam
1382 1396 1431 1425 A.;
1451 1398 1479 1420 et
1499 1396 1657 1427 nequiciam
1679 1396 1724 1418 Cr.
1745 1408 1753 1412 -

343 1444 485 1468 Galluciis
507 1444 551 1467 Cr.
573 1455 604 1459 —-
627 1448 667 1466 io.
687 1440 822 1471 M.cclxv1
843 1442 896 1464 cosi
914 1440 1001 1468 Mum,
1022 1441 1076 1469 Cn,
1098 1440 1152 1464 M:
1176 1445 1240 1470 1255
1261 1439 1295 1462 A.
1315 1451 1346 1455 —-
1369 1443 1456 1468 10-15.
1477 1438 1623 1462 Dicto.-

442 1485 528 1518 xviij!
552 1491 582 1516 14
602 1484 635 1508 A.
658 1484 718 1511 Cr.;
741 1484 803 1515 xiiij
826 1484 906 1506 anche
925 1483 965 1506 M.
986 1491 999 1505 e
1025 1483 1070 1511 T.‚·
1089 1490 1130 1505 ma
1151 1482 1181 1505 vi
1200 1482 1213 1504 ὲ
1233 1489 1264 1504 un
1286 1489 1385 1510 errore,
1402 1481 1500 1510 perch&
1520 1481 1549 1503 ai
1566 1481 1598 1503 18
1618 1480 1687 1509 anni,
1703 1488 1751 1503 non
1765 1480 1794 1502 αι’
1806 1487 1846 1509 14,
1862 1479 2025 1502 cominciava
2039 1478 2104 1502 l'etiz
2118 1478 2186 1501 mili-

346 1488 390 1510 Cr.
411 1499 420 1503 -

1774 1408 1807 1412 —
1827 1403 1851 1426 9.
1877 1393 2007 1418 Galuciis
2026 1394 2113 1422 Μαι,
2132 1394 2187 1420 M.;

1644 1438 1797 1461 interfecti.
1823 1445 1869 1460 om.
1890 1436 1968 1460 Mun.
1989 1450 2021 1454 —
2044 1443 2082 1460 11.
2103 1443 2119 1460 a
2139 1444 2186 1459 om.

346 1533 406 1552 tare
426 1541 434 1545 -
455 1526 572 1557 Ghelfis]
595 1525 681 1550 Geifis
701 1526 744 1555 A,
764 1527 830 1549 dove
849 1526 874 1548 si
891 1526 1031 1549 alternano
1050 1525 1075 1548 le
1095 1524 1144 1546 due
1157 1523 1250 1555 forme
1269 1531 1347 1546 senza
1361 1522 1525 1554 prqferenza
1546 1535 1577 1538 —
1596 1528 1635 1553 13.
1649 1524 1675 1544 et
1690 1521 1793 1544 ilorum
1813 1521 1845 1544 A.
1866 1529 1878 1543 e
1900 1521 1958 1545 Cn:
1979 1528 2048 1544 corr.
2066 1520 2092 1543 in
2113 1519 2188 1547 illos,

346 1578 415 1594 come
433 1570 516 1593 hanno
536 1569 577 1592 M.
599 1577 612 1591 e
642 1569 671 1592 T.
691 1581 699 1585 -
722 1567 879 1591 factoribus
898 1567 941 1593 A..
965 1567 1023 1593 Cr.;
1043 1565 1205 1589 fautoribus
1224 1565 1265 1589 M.
1286 1578 1318 1582 -
1341 1571 1379 1595 14.
1400 1564 1568 1588 homenibus
1581 1564 1628 1589 A:
1649 1563 1782 1587 omnibus
1800 1564 1852 1593 Cr„
1867 1563 1916 1588 M..
1937 1563 1966 1586 T.
1985 1575 2017 1579 —
2036 1566 2074 1592 15.
2089 1561 2186 1584 Arroli

348 1612 406 1639 Cr.;
427 1611 512 1635 Arole
532 1611 587 1639 M.;
608 1609 717 1633 Arroni
743 1610 771 1633 Τ.

424 1685 430 1701 ¹
452 1687 535 1710 Aesai
555 1685 779 1718 probabilmente
798 1685 848 1716 qui
866 1684 934 1708 cade
953 1691 1009 1708 una
1023 1683 1106 1707 breve
1130 1683 1243 1711 lacuna3

346 1737 361 1753 e
381 1729 490 1752 doveva
509 1727 614 1751 esser-vi
628 1728 782 1751 accennato
797 1725 842 1750 ςὶὸ
856 1726 907 1750 che
921 1726 939 1749 i]
954 1725 1083 1749 Romana
1095 1726 1160 1756 (loc.
1173 1723 1242 1753 cit),

344 1768 402 1793 cosi
421 1770 571 1793 racconta:
591 1769 649 1792 “de
669 1774 763 1792 mense
782 1767 938 1791 decembris
958 1767 1001 1790 die
1019 1766 1163 1790 dominico
1178 1766 1241 1789 xiiii

346 1811 357 1822 ‘⁴
371 1812 508 1841 intrante,
535 1817 600 1842 pars
626 1808 823 1834 Grasulforum
843 1808 900 1832 fuit
925 1807 1040 1839 expulsa
1065 1808 1099 1830 de
1122 1807 1243 1832 civitate

345 1853 494 1881 “Mutlne3
513 1854 541 1876 et
555 1855 621 1876 tune
639 1853 700 1875 erat
714 1853 837 1884 potestas
857 1851 987 1874 dominus
1010 1849 1158 1873 Monaldus
1177 1849 1243 1872 Rai-

345 1894 358 1907 “
369 1895 440 1927 nei-ij
460 1894 596 1925 Stephani
610 1894 644 1918 de
656 1893 773 1917 civitate
788 1892 873 1916 Urbis
888 1893 901 1914 Χ
913 1893 1005 1922 eterLs,
1018 1891 1067 1923 qui
1080 1890 1133 1914 fuit
1147 1892 1243 1914 auctor

344 1936 454 1960 “istius
474 1936 647 1969 proditionis
659 1952 682 1966 n·
720 1936 760 1958 La
779 1937 885 1958 venuta
904 1934 948 1958 del
964 1934 1103 1957 mart-hese
1122 1932 1215 1956 d'Este
1229 1939 1243 1955 e

344 1979 386 2003 del
405 1980 488 2002 conte
508 1979 537 2002 di
556 1978 610 2002 San
627 1977 774 2002 Bonifacio
794 1977 827 2001 fu
846 1977 864 2000 ii
878 1977 1010 2007 seguente
1027 1975 1140 2007 giorno,
1156 1980 1185 2004 15
1201 1974 1244 1998 di-

345 2021 464 2045 cembre.

432 2060 443 2077 ²
462 2062 502 2086 Fu
521 2063 617 2094 questa
637 2062 665 2085 la
684 2062 774 2093 prima
793 2061 900 2092 grande
919 2060 1041 2084 scissura
1060 2060 1104 2082 tra
1123 2059 1151 2082 la
1164 2059 1243 2089 parte

343 2103 436 2134 guelfo.
455 2103 529 2135 degli
549 2102 655 2134 Aigoni
676 2111 690 2126 e
709 2103 735 2126 la
753 2101 908 2134 ghibefflna
928 2101 969 2125 dei
991 2099 1120 2128 Grasoifi,
1140 2106 1243 2132 provo-

343 2146 404 2169 cata
424 2145 619 2177 speciaimente
639 2144 710 2168 dalla
730 2143 845 2167 nomina
865 2143 895 2166 di
908 2143 1014 2167 Matteo
1029 2141 1080 2165 Pio
1093 2148 1110 2164 a
1124 2147 1242 2164 vescovo

346 2188 373 2211 di
387 2187 505 2212 Modena
520 2187 568 2218 (cf.
581 2186 762 2215 SALIMBENE‚
777 2186 826 2215 ivi,
843 2184 914 2216 141).
952 2184 1087 2216 Iacopino
1101 2182 1242 2214 Rangoni¹

344 2229 459 2253 messosi
479 2236 494 2252 a
508 2236 580 2261 capo
602 2228 645 2252 dei
660 2227 760 2257 Guelfi,
774 2226 898 2251 favorzto
912 2227 959 2251 dal
975 2223 1093 2259 podesta
1106 2224 1242 2248 Monaldo

346 2272 381 2295 da
401 2271 520 2296 Orvieto
540 2278 555 2294 e
573 2271 682 2295 aiutato
703 2270 748 2294 dal
770 2269 912 2294 marchese
925 2268 1029 2293 Obizzo
1043 2267 1069 2291 Π
1082 2266 1183 2294 d'Este.
1198 2266 1242 2289 dal

345 2314 426 2337 conte
444 2313 529 2344 Luigi
549 2313 585 2336 da
603 2312 659 2336 San
681 2311 829 2336 Bonifacio
851 2319 865 2334 e
884 2311 929 2335 dai
951 2309 1042 2334 Guelfi
1063 2309 1091 2332 di
1115 2308 1242 2336 Ferrara,

345 2355 373 2378 di
400 2355 537 2378 Mantova
557 2361 571 2377 e
598 2354 626 2377 di
647 2354 761 2378 Firenze
783 2353 829 2384 (ef.
857 2352 890 2376 G.
917 2353 1052 2380 vuum,
1073 2350 1120 2379 VI,
1146 2349 1201 2380 87),
1222 2349 1242 2372 il

350 2404 381 2426 14
401 2397 541 2420 dicembre
559 2395 652 2420 caeci&
673 2395 751 2420 dalla
770 2394 839 2419 cittii
857 2396 885 2419 la
906 2395 984 2427 parte
1008 2392 1174 2425 ghibellina,
1195 2391 1244 2414 che

285 2450 296 2458 -·
344 2438 451 2462 sembra
464 2437 539 2461 fosse
551 2438 695 2461 sostenuta
709 2437 786 2468 dagli
808 2436 931 2461 Anziani
950 2443 964 2459 e
984 2435 1029 2458 dal
1052 2433 1199 2464 Consiglio
1214 2432 1241 2456 (li

349 2479 489 2504 Credenza
505 2478 559 2509 (cf.⁷
573 2479 646 2503 oltre
660 2480 699 2503 M.
712 2486 726 2503 e
747 2479 787 2508 T.‚
801 2479 822 2502 il
839 2479 899 2503 Chr.
918 2478 1021 2505 Parm„
1033 2476 1101 2500 ediz.
1114 2474 1243 2500 Bonazzi‚

346 2530 372 2554 p.
395 2527 437 2549 22,
457 2520 489 2545 11.
510 2520 605 2551 34-363
624 2520 804 2549 SALIMBENE,
819 2520 868 2549 ivi,
883 2519 943 2551 469,
958 2518 978 2542 il
998 2519 1078 2541 Mem.
1092 2520 1152 2548 pot.
1173 2516 1242 2547 Reg.

346 2564 373 2586 in
396 2563 460 2586 RR.
482 2563 523 2586 II.
544 2561 604 2591 SS„
625 2562 699 2586 vm.
717 2569 782 2586 1122
803 2570 817 2585 e
837 2562 896 2586 Lib.
917 2561 948 2584 de
966 2563 1076 2590 tempor.
1096 2559 1126 2582 in
1145 2559 1186 2582 M.
1202 2558 1241 2588 G„

347 2603 447 2633 XXXI,
463 2603 535 2634 528).
573 2604 613 2627 Fu
634 2603 755 2627 istituita
769 2610 824 2627 una
837 2602 928 2635 specie
947 2601 976 2625 di
991 2598 1065 2624 balla
1078 2607 1095 2623 o
1109 2599 1243 2623 dittatura

344 2653 398 2669 con
418 2645 532 2676 quattro
553 2645 717 2676 “capitanei
731 2662 754 2675 η,
775 2645 840 2668 tutti
861 2644 889 2667 di
911 2644 989 2675 parte
1002 2640 1105 2673 guelfa,
1124 2640 1174 2664 che
1187 2647 1243 2664 res-

347 2693 409 2710 sero
423 2686 451 2710 la
465 2683 533 2709 citt&
553 2686 617 2708 sino
631 2685 658 2708 al
673 2685 782 2714 Natale,
803 2682 935 2708 allorche.
957 2683 1104 2707 licenziato
1124 2681 1144 2704 il
1160 2680 1244 2713 pode-

344 2726 388 2751 sta
407 2728 457 2751 che
477 2734 523 2751 era
541 2725 588 2759 gii).
609 2727 699 2758 prima
719 2728 793 2751 stato
813 2727 899 2751 eletto
921 2733 969 2758 per
993 2726 1066 2749 tutto
1085 2723 1181 2747 l’anno
1202 2729 1242 2746 se-

344 2770 456 2801 guente,
466 2768 594 2793 Rodolfo
609 2768 763 2792 Malesardi
779 2769 936 2798 bresciano,
948 2768 971 2792 si
985 2766 1083 2791 adotto
1097 2766 1117 2789 il
1130 2766 1242 2789 sistema

345 2811 389 2835 dei
409 2808 525 2843 podesta
544 2810 710 2839 semestrali,
725 2810 890 2842 scegiiendo
912 2818 959 2843 per
974 2810 992 2833 il
1009 2809 1072 2839 1265
1088 2808 1139 2832 due
1153 2804 1242 2830 Guelfi

344 2852 478 2877 chiamati
504 2851 581 2876 dalla
606 2851 778 2882 guelfissima
798 2852 934 2883 Bologna.
974 2851 1023 2876 Gli
1042 2849 1174 2877 Anziani,
1193 2848 1242 2871 che

344 2901 471 2918 avevano
496 2894 640 2918 sostenuto
664 2893 693 2916 la
714 2895 792 2924 parte
815 2893 983 2924 ghibffllina,
1009 2892 1111 2916 furono
1136 2898 1153 2914 a
1177 2890 1241 2914 loro

345 2935 463 2960 infamia
485 2936 592 2968 dipinti
612 2935 683 2959 sulle
703 2935 794 2967 pareti
815 2935 857 2958 del
876 2935 999 2967 palazzo,
1019 2940 1070 2958 ove
1089 2932 1241 2957 avrebbero

345 2976 448 3002 dovuto
468 2977 618 3002 esercitare
636 2977 657 3000 il
670 2976 734 3001 loro
753 2976 858 3000 ufficioi
877 2976 901 3000 Ι]
921 2983 1041 3001 vescovo
1061 2975 1171 2999 Matteo
1184 2974 1240 2998 Pio

1295 1681 1405 1705 dovette
1424 1681 1527 1705 andare
1547 1681 1603 1713 egli
1627 1682 1713 1704 stesso
1735 1680 1765 1703 in
1785 1678 1866 1703 esilio
1890 1686 1937 1711 per
1956 1679 1983 1703 le
2001 1675 2068 1702 citt&
2087 1677 2115 1702 di
2135 1677 2190 1702 Ro-

1295 1730 1402 1754 magna.

1384 1763 1395 1778 3
1413 1764 1437 1788 Il
1466 1771 1516 1789 suo
1544 1771 1624 1787 nome
1650 1762 1664 1787 ὲ
1691 1764 1756 1787 dato
1782 1763 1869 1786 anche
1897 1760 1971 1786 dallo
1996 1761 2068 1786 Stat.
2096 1761 2191 1789 Fabr..

1296 1814 1324 1838 p.
1338 1804 1372 1828 66
1391 1813 1405 1829 e
1419 1806 1464 1829 dal
1480 1805 1600 1836 registro
1616 1805 1660 1829 del
1675 1804 1764 1837 pallio
1786 1803 1811 1835 (“
1822 1804 1847 1828 d.
1862 1803 2062 1828 Guidoclerius
2081 1802 2115 1827 de
2133 1802 2190 1827 Ga-

1295 1847 1452 1877 “luzii5„):
1478 1847 1499 1871 il
1521 1847 1691 1875 Cantinelli,
1720 1847 1789 1870 ediz.
1812 1846 1945 1874 Torraca,
1967 1853 1992 1878 p.
2013 1853 2037 1877 9,
2066 1845 2086 1870 l.
2106 1845 2130 1874 8,
2160 1845 2191 1868 in

1296 1897 1334 1913 un
1355 1890 1485 1913 racconto
1505 1889 1577 1913 assai
1597 1889 1723 1918 confuso,
1744 1888 1803 1912 dice
1822 1888 1871 1912 che
1891 1888 2012 1911 “contra
2032 1894 2190 1911 sacramen-

1298 1931 1379 1955 “tum
1399 1931 1525 1955 comunis
1545 1931 1572 1954 et
1591 1930 1688 1962 populi
1708 1931 1836 1953 Bononie
1856 1930 1909 1953 ivit
1928 1929 1963 1952 ad
1982 1930 2104 1960 regimen
2117 1927 2190 1952 civi-

1297 1974 1310 1987 “
1321 1973 1388 1998 tatis
1404 1973 1516 1997 Mutine.
1549 1973 1585 1997 Et
1603 1973 1656 1996 hoc
1670 1972 1726 1995 fuit
1739 1972 1843 1996 malum
1857 1972 1974 1995 inicium
1989 1972 2115 1995 omnium
2134 1977 2191 1994 ma-

1298 2014 1413 2038 “lorum
1436 2014 1561 2038 civitatis
1588 2014 1747 2043 Bononie„.
1787 2013 1839 2037 Col
1867 2013 1995 2037 Galluzzi
2022 2011 2190 2036 ricomincic'»

1297 2057 1325 2080 la
1344 2057 1414 2080 serie
1434 2056 1478 2080 dei
1499 2054 1615 2088 podest-³1
1629 2055 1784 2087 bolognesi.
1804 2055 1853 2079 che
1874 2053 1952 2083 duro.
1973 2054 2052 2078 salvo
2073 2053 2190 2085 qualche

1297 2101 1445 2124 eccezione.
1459 2100 1521 2124 sino
1541 2101 1567 2124 a]
1592 2105 1672 2129 1273:
1693 2099 1749 2131 egli
1768 2099 1799 2123 fu
1818 2099 1904 2123 anche
1924 2099 1945 2122 il
1966 2098 2058 2131 primo
2079 2098 2122 2121 dei
2143 2105 2191 2130 po—

1297 2140 1371 2166 desta
1387 2142 1549 2166 semestrall.

1367 2183 1376 2198 ⁴
1397 2184 1437 2207 La
1457 2183 1618 2215 spedizione
1637 2183 1680 2207 dei
1700 2183 1842 2207 Modenesi
1861 2182 1944 2214 guelf}
1964 2189 1980 2206 a
1993 2181 2100 2213 Reggio
2114 2180 2147 2205 fu
2160 2181 2190 2204 in

1297 2227 1372 2250 aiuto
1392 2225 1436 2248 dei
1455 2225 1517 2249 loro
1537 2225 1689 2257 compagni
1703 2225 1851 2248 fuorusciti
1866 2225 1900 2248 da
1915 2224 2008 2256 quella
2021 2222 2089 2247 citt&
2104 2222 2189 2253 (della

1298 2269 1376 2300 parte
1395 2267 1438 2291 dei
1458 2267 1574 2291 Roberti
1599 2275 1612 2289 e
1639 2267 1682 2290 dei
1710 2266 1862 2298 Fogliani),
1888 2273 1940 2290 ove
1967 2265 2154 2298 prevalevano
2181 2265 2189 2287 i

1297 2309 1455 2333 Ghibellini
1474 2309 1633 2340 capitanati
1653 2308 1699 2332 dai
1719 2308 1830 2339 signori
1851 2307 1879 2331 di
1893 2307 1991 2331 Sesso:
2006 2307 2188 2331 ΞΑΜΜΒΕΝΕ.

1298 2352 1345 2375 ivi.
1359 2357 1418 2381 470.
1434 2358 1447 2373 e
1467 2350 1486 2373 il
1507 2351 1654 2380 ,Uenulum
1675 2350 1747 2380 Reg.
1767 2349 1797 2373 in
1817 2349 1882 2373 RR.
1897 2349 1936 2372 Il.
1952 2348 2012 2377 SS„
2032 2347 2105 2376 VIII.
2124 2353 2187 2378 1123

1297 2400 1311 2416 e
1331 2392 1389 2416 Lih.
1409 2393 1441 2415 de
1459 2396 1566 2422 tempor.
1589 2392 1616 2415 in
1637 2392 1677 2416 M.
1699 2392 1741 2421 G.,
1761 2391 1860 2419 XXXI,
1881 2397 1940 2422 529,
1959 2388 2053 2413 danne
2076 2390 2105 2413 la
2125 2390 2188 2413 data

1298 2434 1340 2458 del
1362 2434 1376 2457 6
1397 2441 1489 2458 marzo
1511 2442 1558 2466 per
1577 2434 1605 2457 ia
1626 2433 1743 2458 vit-toria
1763 2432 1805 2456 dei
1829 2431 1920 2456 Guelfi
1940 2433 1969 2455 in
1988 2431 2111 2463 Reggio:
2137 2430 2189 2455 che

1298 2483 1353 2499 non
1373 2475 1533 2499 contradice
1552 2475 1608 2499 alla
1630 2475 1695 2499 data
1713 2474 1760 2498 del
1781 2473 1813 2498 28
1833 2473 1970 2502 febbraio‚
1984 2473 2019 2497 da
2033 2472 2187 2497 intendersi

1298 2524 1346 2548 per
1366 2517 1386 2540 il
1400 2519 1501 2548 giorno
1517 2517 1590 2541 della
1605 2517 1734 2549 partenza
1748 2515 1820 2539 della
1835 2515 1994 2547 spediz'one
2008 2514 2043 2538 da
2057 2514 2188 2538 Modena.

1385 2557 1395 2571 ⁵
1416 2560 1452 2582 Su
1465 2559 1561 2590 questa
1575 2558 1762 2590 occupazione
1776 2557 1804 2580 di
1817 2557 1889 2580 Rolo
1904 2555 1951 2586 (cf.
1966 2563 1992 2588 p.
2008 2560 2050 2585 27,
2070 2556 2135 2579 nota
2151 2555 2187 2587 3),

1297 2600 1450 2632 presidiato
1464 2607 1513 2632 per
1526 2600 1553 2623 la
1567 2601 1645 2632 parte
1655 2599 1698 2623 dei
1710 2599 1743 2622 da
1754 2599 1834 2623 Sesso
1847 2597 1881 2621 da
1892 2596 2049 2621 Ghibellini
2060 2597 2187 2628 reggiani

1297 2650 1310 2665 e
1330 2642 1364 2665 da
1384 2642 1534 2666 fuorusciti
1553 2641 1704 2670 modenesi‚
1725 2648 1781 2665 non
1802 2640 1825 2663 si
1851 2640 1946 2663 hanno
1971 2639 2043 2663 altre
2067 2639 2187 2669 notizie3

1297 2684 1392 2707 invece
1411 2684 1482 2708 altre
1501 2683 1576 2708 fonti
1598 2683 1643 2714 (cf.
1665 2684 1739 2707 TIR..
1758 2683 1848 2711 Mem„
1867 2682 1900 2710 Η,
1921 2680 1965 2710 82)
1980 2688 2101 2705 nai-rano
2115 2680 2187 2704 chei

1297 2725 1331 2749 da
1351 2726 1431 2749 Sesso
1451 2727 1566 2750 cacciati
1587 2725 1663 2749 dalla
1682 2723 1751 2749 citta
1769 2724 1792 2748 si
1818 2723 2048 2756 impadronirono
2075 2722 2103 2745 di
2124 2721 2186 2754 quel

1297 2767 1429 2790 castello:
1451 2767 1671 2790 evidentemente
1690 2765 1713 2789 si
1733 2766 1818 2789 tratta
1832 2764 1860 2788 di
1875 2764 1927 2787 due
1941 2763 2133 2787 avvenimen‘ci
2147 2762 2187 2786 di-

1296 2808 1376 2831 stinti
1398 2808 1441 2832 del
1463 2808 1614 2832 medesimo
1633 2815 1717 2831 anno.

1384 2849 1394 2863 ὓ
1414 2850 1438 2873 Α
1458 2851 1554 2881 questo
1573 2850 1661 2882 punto
1688 2849 1708 2872 il
1734 2849 1804 2872 testo
1831 2847 1904 2871 della
1930 2854 2050 2871 cronaca
2075 2847 2185 2876 omette,

1297 2892 1369 2915 forse
1390 2899 1436 2923 per
1455 2893 1633 2915 trascuranza
1654 2890 1696 2914 del
1715 2890 1824 2922 copista
1847 2888 1875 2912 di
1901 2888 1944 2914 A..
1970 2888 1998 2912 la.
2024 2888 2186 2913 narrazione

1295 2932 1361 2956 data
1381 2932 1414 2955 da
1434 2933 1475 2956 Μ.
1494 2940 1508 2956 e
1533 2934 1563 2956 T.
1584 2932 1659 2956 della
1677 2938 1778 2962 guerra
1803 2930 1972 2954 cominciata
1997 2929 2041 2952 nel
2063 2930 2185 2962 maggio,

1295 2975 1338 2998 tra
1359 2975 1368 2998 i
1388 2972 1480 2997 Gueifi
1494 2974 1633 2998 modenesi
1650 2980 1663 2996 e
1677 2973 1686 2995 i
1700 2972 1847 2996 fuorusciti
1861 2970 2021 3003 ghibellini:
2037 2977 2092 2995 una
2104 2971 2183 3004 parte

2215 825 2253 856 10

2217 1088 2253 1119 15

2219 1728 2250 1753 45

2221 1934 2253 1959 50

2219 2142 2250 2167 55

2217 2346 2252 2369 60

2216 2556 2248 2589 ⁶5

2217 2768 2250 2794 70

2216 2976 2247 3003 75
