2370 3603
722 231 988 267 IOHANNIS
1016 232 1086 266 DE
1114 231 1337 267 BAZANO
1877 228 1947 265 125

127 307 165 315 ...a
167 304 1955 315 ....................................................................................................................................................................................................

117 345 211 376 sculo
228 344 296 376 diei
311 344 481 376 Albuinus
497 350 531 376 et
547 345 645 375 Doxe
662 345 706 376 de
723 344 836 375 Fredo
854 349 1064 386 acceperunt
1081 350 1229 375 castrum
1246 342 1465 385 Spilamberti
1482 342 1625 375 Iohanni
1642 343 1686 374 de
1704 343 1818 374 Fredo
1835 352 1950 374 eorum

117 395 368 437 consanguineo
392 395 516 426 furtive
540 401 574 427 et
596 394 806 436 prodicione.
854 394 897 425 Et
921 401 1000 426 tunc
1018 395 1073 426 die
1089 394 1174 426 iovis
1189 405 1258 425 xxv
1280 393 1401 425 marcii
1416 393 1450 424 in
1467 393 1556 424 festo
1577 392 1855 424 annunciacionis
1877 393 1948 424 Do-

115 445 224 476 minae
247 444 415 486 praedicti
439 445 536 476 Doxe
564 450 597 476 et
618 443 788 476 Albuinus
811 450 1015 486 receperunt
1038 444 1210 476 custodias
1240 443 1479 475 Marchionurn
1504 453 1582 474 cum
1606 454 1674 474 uno
1692 443 1870 484 capitaneo
1896 442 1953 483 [ad

117 495 308 526 custodiam
332 495 416 527 dicti
441 495 552 535 castri]
563 507 571 531 ;
597 501 631 526 et
655 494 865 536 [praedictos
887 495 1103 536 capitaneum
1122 494 1167 535 et]
1184 494 1342 525 custodes
1358 494 1506 534 ipsorum
1524 494 1621 525 Doxe
1638 493 1695 533 [et]
1711 492 1880 524 Albuinus
1896 504 1954 524 ex-

115 545 275 586 pulerunt
299 544 342 575 de
366 545 459 576 dicto
483 550 594 576 castro
618 544 673 575 die
691 545 863 576 dominico
879 545 914 576 in
931 545 1018 576 festo
1042 550 1160 576 sancto
1178 543 1342 575 olivarum
1357 543 1461 586 xxviij
1480 543 1597 575 marcii
1612 544 1632 574 ¹.
1678 543 1778 574 Tunc
1795 543 1852 574 die
1869 543 1954 574 iovis

118 594 232 636 xxviiij
257 594 373 635 aprilis
397 594 543 626 decessit
566 594 703 626 illustris
727 601 760 626 et
784 595 982 637 magnificus
997 594 1153 626 dominus
1176 593 1342 625 Nicolaus
1365 593 1523 625 Marchio
1547 593 1687 625 estensis
1701 593 1722 624 ².
1769 593 1870 624 Tunc
1895 593 1950 624 die

118 645 306 686 penultimo
323 644 405 675 iunii
421 644 458 675 in
474 644 562 675 festo
580 645 689 676 sancti
704 644 797 676 Petri
815 645 937 687 sagitta
952 645 1039 676 troni
1056 644 1223 686 percussit
1239 644 1275 675 in
1291 643 1454 685 capitelio
1478 643 1645 684 superiori
1663 644 1762 675 turris
1785 643 1952 675 ecclesiae

118 694 279 735 [maioris]
302 694 456 726 Mutinae
481 705 501 725 a
523 695 630 725 latere
656 695 699 726 de
723 695 838 727 subter
862 702 895 727 et
918 695 1085 736 percussit
1109 695 1152 726 de
1176 693 1345 736 lapidibus
1368 693 1465 725 unius
1489 693 1624 735 capiteli
1648 700 1680 724 et
1704 693 1870 725 destruxit
1892 703 1956 735 per

117 745 270 786 spacium
294 755 355 776 sex
378 744 611 782 brachiorum;
638 751 671 776 et
695 751 775 777 tunc
800 746 864 777 fuit
894 755 1018 788 magna
1041 751 1224 786 tempestas
1248 745 1283 775 in
1306 744 1403 775 terris
1426 743 1658 787 Luxignanae‚
1684 744 1798 781 Fredi,
1822 744 1954 775 Formi-

56 796 93 826 10
116 795 214 837 genis
238 795 363 826 veteris
387 795 430 826 de
455 794 581 832 subter,
604 795 640 826 in
658 795 766 838 burgo
792 796 961 839 Ganaceti
978 802 1012 827 et
1028 794 1183 827 Albareti
1201 801 1235 826 et
1248 804 1366 826 versus
1382 801 1496 835 partes
1512 794 1586 826 illas
1601 805 1707 836 usque
1724 794 1769 825 ad
1787 793 1951 826 Sanctum

59 1333 90 1351 10

61 1561 90 1587 15

59 1774 94 1792 20

61 2197 96 2222 30

62 2407 93 2433 33

64 2618 99 2644 4⁰

67 2826 99 2850 45

117 844 352 877 Antoninum³
376 852 410 876 et
433 851 558 877 terram
592 846 709 877 Sancti
733 846 894 878 Iohannis
918 846 954 877 in
979 845 1164 877 Persexeto
1189 845 1307 887 [usque
1331 845 1375 876 ad
1391 844 1605 886 Taiavalum]
1618 844 1640 876 ⁴.
1653 843 1726 861 ***⁵

209 958 232 979 1,
252 957 266 982 3
286 958 300 975 e
320 958 336 982 4
348 951 442 983 Doxe]
458 952 529 976 Dote
545 953 585 982 Ax,
600 952 687 982 Mun„
703 952 764 980 Cr.;
777 953 853 976 Doze
866 954 906 977 M.
922 966 954 970 —
969 959 993 978 2.
1007 950 1120 983 furtive]
1134 951 1251 975 fortivie
1263 952 1312 982 A.;
1326 951 1484 984 proditorie
1497 951 1583 981 Mun„
1598 952 1659 982 Cr.;
1673 951 1778 976 furtiva
1792 951 1956 984 prodicione

119 994 158 1017 M.
172 1007 204 1011 —-
219 999 272 1024 ²·4-
286 992 409 1017 Domine
422 993 543 1025 predicti
555 995 718 1026 capitaneus
730 997 758 1017 et
770 993 901 1018 custodes
913 993 1036 1025 predicti
1049 994 1123 1018 Doto
1133 995 1160 1017 et
1174 992 1292 1017 Albuini
1305 994 1469 1026 receperunt
1480 993 1635 1017 custodiam
1645 993 1771 1017 custodia
1783 993 1957 1017 Max-chionis

119 1041 180 1058 cum
194 1041 251 1058 uno
263 1035 415 1066 capitaneo
435 1036 462 1059 et
485 1036 618 1059 custodes
636 1036 763 1068 ipsorum
783 1036 857 1060 Dote
876 1036 998 1060 Albuini
1015 1036 1175 1067 expelerunt
1194 1035 1271 1060 dicto
1290 1035 1325 1059 de
1343 1036 1438 1059 castro
1457 1034 1504 1059 dle
1517 1035 1592 1059 dicto
1608 1035 1626 1059 s.
1646 1035 1786 1060 olivarum
1805 1036 1852 1065 A.;
1871 1038 1958 1066 questo

115 1080 195 1107 passo
208 1077 252 1100 che
271 1077 294 1099 il
311 1077 412 1106 copista
431 1077 460 1100 di
471 1077 504 1100 A.
519 1078 551 1100 lta
565 1085 622 1101 reso
636 1077 845 1109 inintelligibile,
860 1077 937 1101 Mun.
951 1085 964 1100 e
980 1077 1025 1101 Cr.
1038 1077 1220 1107 rnsprodussero
1232 1076 1390 1100 elirm'mndo
1403 1077 1431 1100 Ia
1445 1077 1598 1107 rupetin'one
1611 1076 1750 1107 custodia,
1764 1077 1957 1109 agg-iungendo

121 1119 148 1141 et
163 1118 278 1142 davantae·
289 1119 320 1142 al
330 1118 440 1142 secondo
454 1118 602 1148 Albuinus‚
616 1118 770 1144 invertendo
781 1120 806 1143 il
816 1123 946 1143 castruteo
959 1119 993 1142 de
1012 1118 1089 1142 dicto
1103 1120 1193 1142 castro
1213 1118 1247 1141 ed
1264 1126 1281 1142 a
1299 1117 1344 1141 die
1357 1117 1433 1142 dieto
1452 1117 1473 1143 f.
1486 1119 1642 1143 sostituendo
1656 1118 1701 1142 die
1715 1119 1868 1143 dominlco.
1883 1119 1914 1143 Io
1928 1119 1958 1142 ho

117 1162 218 1184 tentato
235 1161 327 1184 invece
345 1160 376 1183 di
393 1160 522 1184 chiarfrlo
540 1160 680 1184 coll’aiuto
700 1161 744 1184 del
759 1160 972 1191 corrispondente
984 1163 1063 1190 passo
1083 1160 1113 1183 di
1125 1160 1167 1185 M.
1180 1159 1224 1184 che
1236 1160 1310 1184 dice.-
1329 1161 1359 1184 et
1376 1160 1419 1184 die
1432 1161 1506 1184 iovis
1520 1167 1579 1184 xxv
1598 1160 1694 1185 martii
1707 1160 1827 1191 predicti
1851 1161 1918 1184 doze
1931 1162 1958 1184 et

120 1202 259 1226 Albuinus
279 1203 442 1234 receperunt
460 1202 605 1226 custodias
624 1202 819 1226 Marchionum
837 1209 899 1226 cum
920 1209 978 1226 uno
1001 1202 1150 1234 capitaneo
1169 1201 1205 1225 ad
1232 1201 1390 1226 custodiam
1415 1202 1485 1226 dicti
1505 1202 1602 1232 castri,
1625 1209 1696 1232 quos
1720 1203 1900 1234 capitaneum
1926 1204 1954 1226 et

118 1243 248 1267 custodes
267 1243 386 1275 predicti
405 1245 481 1268 Doze
502 1245 529 1267 et
548 1243 688 1268 Albuinus
707 1244 872 1273 expulerunt
890 1243 924 1267 de
944 1243 1020 1267 dicto
1039 1244 1131 1266 castro
1151 1243 1198 1267 die
1217 1242 1359 1267 dominico
1379 1257 1412 1262 —
1431 1243 1455 1269 6.
1475 1244 1571 1276 :xviiij
1592 1242 1703 1276 aprilis]
1733 1243 1766 1267 28
1792 1244 1889 1275 aprilis
1908 1244 1952 1273 A„

118 1285 206 1315 ΜυιιἿ
226 1285 266 1314 C.‚
285 1293 328 1309 ma
345 1285 369 1308 il
384 1285 418 1309 28
438 1286 524 1316 aprile
536 1285 573 1318 su
592 1294 626 1309 un
654 1285 792 1309 mercoled}
811 1298 842 1302 —-
864 1289 888 1315 7.
908 1284 1038 1316 capitello
1057 1292 1071 1307 e
1090 1289 1133 1314 51.
1153 1285 1276 1317 capitelli
1305 1285 1391 1314 Mun„
1413 1287 1459 1310 Cr.
1479 1298 1511 1303 —
1531 1286 1554 1310 8.
1576 1286 1693 1309 maioris
1718 1293 1784 1318 agg.
1814 1287 1956 1317 suggerito

120 1327 156 1350 da
175 1327 215 1351 M.
236 1339 246 1344 -
266 1326 299 1350 de
318 1326 416 1351 subtus
435 1327 524 1356 Mun„
545 1328 601 1355 Cr„
621 1327 662 1351 M.
681 1341 713 1344 —
736 1333 776 1350 1ο.
801 1327 835 1351 de
862 1326 960 1351 subtus
987 1326 1076 1356 Mun„
1097 1327 1143 1351 Cr.
1164 1339 1195 1344 —
1218 1333 1258 1350 11.
1281 1327 1459 1351 Antoninum
1479 1328 1522 1356 A„
1544 1327 1631 1354 Mun..
1653 1328 1714 1355 Cr.;
1735 1327 1883 1351 Atoxinum
1902 1328 1955 1352 AL:

121 1368 307 1393 Antolinum?
322 1381 353 1386 —
368 1367 408 1400 et]
427 1369 462 1392 ad
483 1369 526 1398 A„
547 1369 635 1398 Mun„
663 1369 722 1397 Cr.;
743 1370 771 1393 la
785 1376 884 1393 correz.
906 1367 919 1391 ὲ
936 1375 1016 1400 sugg.
1036 1368 1072 1391 da
1092 1369 1131 1392 M.
1151 1381 1162 1386 -

121 1430 170 1453 “d.
191 1429 356 1454 Albertinus
377 1429 488 1461 Gecius,
507 1431 531 1454 d.
553 1430 740 1455 Costantinus
760 1431 792 1454 de
812 1431 956 1458 Pedocffis,
982 1430 1007 1453 d.

121 1472 133 1484 “
146 1471 314 1496 Girardinus
333 1472 447 1497 Padella
467 1480 517 1504 pro
532 1480 558 1496 se
578 1475 605 1496 et
625 1473 681 1497 dfio
702 1473 831 1496 Antonio
851 1474 910 1496 eius
927 1473 1006 1496 fratri

121 1514 133 1527 “
145 1516 172 1537 et
197 1514 371 1539 Bernardino
397 1517 456 1539 eius
484 1517 593 1546 nepote,
619 1523 669 1547 pro
696 1516 796 1546 quibus
822 1516 952 1546 promisit
975 1514 1007 1538 de

121 1558 206 1582 “rato
226 1566 322 1582 omnes
341 1559 374 1582 de
394 1560 477 1583 casali
499 1559 544 1583 drai
566 1558 707 1583 Guidonis
726 1561 753 1583 et
771 1567 822 1590 pro
848 1559 924 1583 dicto
944 1561 1006 1582 toto

121 1600 134 1612 ¹⁴
145 1600 240 1631 casali,
250 1602 277 1624 et
291 1601 316 1624 d.
328 1601 540 1625 Bartholomeus
554 1602 693 1632 quondam
713 1602 738 1625 d.
758 1601 956 1632 Prendepartis
975 1600 1007 1624 de

121 1641 134 1653 ²
145 1641 221 1675 Picis
239 1649 290 1673 pro
305 1650 332 1666 se
346 1644 373 1666 et
388 1643 536 1674 nepotibus
553 1645 612 1667 eius
627 1643 754 1675 Johanne
772 1643 851 1674 figlio
868 1643 1007 1674 quondam

122 1683 134 1696 ‘⁴
145 1683 286 1717 Nicholay
305 1688 332 1708 et
351 1685 490 1709 Nicholao
509 1685 568 1709 filio
585 1686 724 1716 quondam
739 1686 764 1709 d.
778 1684 936 1710 Francissci
955 1685 1007 1708 sra-

122 1725 134 1737 “
145 1727 219 1749 trum
229 1726 299 1750 dicti
313 1727 422 1750 domini
442 1727 640 1758 Bartholomey
654 1734 704 1758 pro
719 1727 818 1758 quibus
832 1727 963 1758 promisit
976 1726 1009 1749 dc

122 1766 135 1779 “
147 1769 208 1791 rato
219 1768 268 1791 sub
279 1768 456 1799 obligacione
468 1776 580 1792 suorum
590 1769 736 1796 bonorum,
747 1769 772 1792 d.
782 1769 949 1800 Paganellus
957 1775 1008 1800 pro

122 1810 134 1821 ‘⁴
146 1816 174 1832 se
187 1811 214 1833 et
230 1811 379 1841 nepotibus
393 1810 461 1834 filiis
475 1811 615 1841 quondam
627 1811 652 1834 d.
667 1811 874 1834 Aldrevandini
887 1812 946 1840 eius
958 1810 1010 1833 sra-

123 1850 135 1861 “
147 1851 207 1878 tris,
227 1851 252 1874 d.
272 1850 401 1874 Matheus
419 1851 592 1885 Papaconus⁷
611 1852 636 1875 d.
657 1850 792 1875 odericus
812 1852 960 1883 quondam.
983 1851 1008 1874 d.

123 1891 134 1903 ‘⁴
146 1891 287 1916 Manfredi
301 1893 471 1917 Beleblunde
485 1901 536 1925 pro
547 1901 574 1917 se
584 1895 612 1917 et
627 1893 761 1917 fratribus
773 1895 831 1917 suis
845 1901 896 1925 pro
909 1893 1010 1924 quibus

123 1933 135 1945 ‘⁴
146 1935 278 1965 promisit
301 1935 333 1958 de
360 1937 422 1959 rato
448 1936 497 1959 sub
524 1936 702 1966 obligacione
729 1943 840 1960 suorum
863 1936 1010 1963 bonorum,

123 1975 136 1987 “
148 1982 244 1999 omnes
258 1977 290 2000 de
305 1976 401 2000 casalli
416 1977 448 2000 de
463 1977 550 2000 Piciis
564 1979 591 2000 et
609 1984 659 2008 pro
673 1978 714 2001 eis
733 1980 760 2001 et
779 1978 855 2001 dicto
870 1977 970 2005 casali3
985 1977 1011 2000 d.

124 2018 137 2030 ³
148 2018 302 2048 Biaquinus
316 2021 343 2042 et
358 2018 525 2043 Girardinus
541 2020 640 2043 fratres
654 2019 704 2043 filli
721 2021 764 2051 qd.
779 2020 825 2043 dfii
841 2019 958 2051 Ugolini
971 2019 1011 2042 In-

124 2060 135 2072 “
149 2060 244 2089 santis,
257 2061 281 2084 d.
302 2061 451 2085 Federicus
471 2061 593 2085 Infantis
607 2069 657 2093 pro
679 2069 706 2085 se
720 2064 747 2085 et
761 2062 938 2085 Manfridino
952 2062 1011 2084 eius

124 2102 137 2114 ‘¹
150 2103 234 2126 fratre
248 2105 276 2127 et
289 2103 463 2127 BernardIno
477 2105 504 2127 et
524 2103 660 2135 Arduyno
672 2103 739 2127 filiis
753 2105 796 2135 qd.
811 2104 836 2128 d.
851 2103 963 2127 Oderici
984 2105 1011 2126 et

124 2143 198 2174 “pro
215 2145 299 2167 fratre
319 2143 444 2175 Ugolino
458 2145 491 2168 de
505 2144 665 2178 Marcaneta
684 2147 711 2168 et
730 2146 785 2168 dfio
805 2144 959 2168 Girardino
979 2145 1011 2168 de

124 2186 137 2197 ‘¹
148 2186 307 2209 Bosschetis
318 2193 369 2218 pro
383 2187 483 2217 quibus
498 2187 627 2210 omnibus
641 2188 772 2218 promisit
786 2188 818 2210 de
833 2188 902 2216 rato,
917 2193 1012 2210 omnes

124 2228 136 2240 “
148 2228 266 2258 predicti
287 2228 320 2251 de
343 2228 427 2251 casali
442 2228 475 2252 de
490 2228 549 2251 illis
563 2229 596 2252 de
610 2228 698 2252 Fante
713 2236 763 2260 pro
776 2230 816 2252 eis
830 2230 857 2252 et
871 2236 922 2260 pro
935 2229 1012 2252 dicto

124 2269 245 2293 “casalli
265 2272 336 2294 toto.
374 2268 428 2297 Qui
450 2277 546 2294 omnes
566 2270 688 2302 predicti
707 2274 734 2294 et
755 2271 871 2302 singulli
892 2271 940 2294 dni
967 2278 1012 2294 co-

125 2312 137 2324 “
148 2313 225 2335 muni
237 2313 387 2336 concordia
399 2313 602 2336 ordinaverunt
616 2312 795 2336 firmaverunt
811 2314 884 2344 quod
899 2320 1012 2337 nemora

124 2354 137 2367 “
148 2361 243 2378 eorum
254 2361 306 2385 que
319 2353 384 2386 (cod.
396 2353 490 2385 quam)
501 2355 604 2378 habent
619 2356 647 2378 in
662 2355 793 2378 districtu
805 2355 913 2378 Mutine
925 2356 1013 2378 custo-

125 2396 137 2409 “’
149 2397 263 2420 dinntur
272 2396 338 2420 hinc
351 2397 383 2420 ad
396 2399 451 2420 tres
463 2404 551 2420 annos
561 2398 706 2427 proximos
717 2399 745 2420 et
755 2397 807 2420 hoc
817 2397 866 2420 sub
876 2404 947 2428 pena
957 2404 1014 2420 orn-

125 2439 138 2451 “
147 2440 224 2462 nium
237 2446 349 2462 suorum
359 2439 497 2462 bonorum
508 2442 535 2462 et
547 2443 658 2462 centum
669 2439 803 2463 librarum
814 2439 923 2463 Mutine
934 2442 960 2463 et
971 2447 1012 2463 ce-

125 2481 137 2493 “
149 2482 208 2504 tera
215 2488 267 2511 que
275 2481 458 2504 continentur
470 2482 498 2504 in
510 2482 700 2512 suprascripto
710 2482 897 2505 instrumento
907 2483 1013 2513 scripto

126 2522 232 2546 “manu
252 2523 360 2546 domini
381 2522 517 2553 Raynerii
536 2523 569 2546 de
588 2522 768 2546 Flordebello
789 2525 846 2546 not.
867 2524 896 2546 in
921 2524 1013 2554 predi-

127 2564 139 2576 “
151 2565 204 2587 ctis
224 2564 377 2588 Millesimo
397 2564 553 2588 indictione
568 2567 595 2588 et
609 2565 654 2588 die
673 2565 816 2588 dominico
831 2565 951 2589 secundo
972 2567 1013 2589 in-

127 2607 242 2629 “trante
262 2606 348 2630 Iullio
368 2608 395 2630 et
415 2608 507 2630 actum
528 2607 582 2630 fuit
604 2608 632 2630 in
653 2606 723 2630 villa
745 2606 877 2630 Curtillis
902 2614 1012 2638 presen-

128 2648 141 2660 “
152 2647 228 2671 tibus
248 2648 366 2672 testibus
379 2648 441 2671 diiis
457 2648 702 2679 Archipresbitero
715 2649 748 2672 de
762 2647 892 2678 Curtille,
909 2648 1014 2681 §Zacha-

129 2692 140 2702 ¹‘
154 2691 195 2714 ria
213 2689 383 2717 Sechexano,
396 2690 530 2714 Henricio
544 2689 700 2719 Ranbafflo,
720 2692 843 2721 maystro
862 2690 1014 2714 Dominico

129 2731 294 2761 “Barberim
313 2734 340 2755 et
360 2731 481 2755 Guercio
501 2731 656 2760 Dalmiani‚
674 2735 705 2755 ut
726 2732 798 2755 idem
818 2733 945 2756 notarius
966 2740 1015 2764 per

129 2774 141 2786 ‘⁴
155 2780 218 2798 suas
233 2773 330 2797 literas
343 2777 459 2798 testatas
472 2777 499 2798 et
510 2775 602 2798 dietus
615 2774 668 2798 (ἰῆς
678 2774 826 2798 Federicus
836 2774 947 2798 Infante
958 2782 1016 2806 pre-

130 2816 141 2828 ί*
155 2823 217 2839 sens
237 2816 270 2840 ad
290 2816 342 2840 hoc
363 2816 430 2840 mihi
453 2819 510 2840 not.
531 2815 672 2840 dixerunt.
688 2817 790 2840 Actum
805 2817 901 2841 subtus
915 2817 1015 2841 scallas

129 2859 141 2871 “
152 2858 263 2888 pallatii
285 2860 412 2882 comunis
424 2858 533 2882 Mutine
545 2859 720 2890 presentibus
735 2859 853 2882 testibus
872 2859 937 2883 dfiis
950 2859 1013 2883 Phi-

129 2900 213 2931 “lipo
232 2900 376 2929 donoHne,
396 2900 574 2924 Marchixino
594 2902 619 2924 d.
639 2901 790 2924 Benfonati
811 2901 955 2925 cervilarii
965 2919 989 2931 π.

215 2939 224 2957 ¹
244 2940 342 2969 Questi
371 2942 434 2966 fatti
455 2943 484 2966 di
504 2942 691 2974 Spilamberto
718 2950 774 2966 non
798 2943 937 2967 risultano
961 2943 1014 2967 ben

128 2983 232 3012 chiari;
253 2984 371 3015 bisogna
391 2985 499 3008 risalire
520 2987 545 3009 ai
566 2985 732 3016 precedenti.
753 2985 948 3016 Spilamberto,
970 2993 1018 3009 oc<

1181 1376 1266 1400 usque
1286 1369 1320 1393 ad
1340 1370 1506 1394 Taiavalum
1526 1368 1539 1393 ἒ
1558 1377 1628 1401 agg.
1652 1369 1786 1402 seguendo
1808 1370 1846 1395 M.

1063 1433 1163 1461 cupato
1185 1431 1229 1454 nel
1252 1438 1318 1463 1310
1349 1433 1392 1456 dai
1421 1431 1556 1456 Grassoni
1583 1433 1610 1456 di
1639 1432 1762 1463 Vignola
1789 1432 1834 1463 (cf.
1860 1439 1884 1463 p.
1911 1431 1954 1464 60,
1987 1436 1997 1444 ’

1063 1472 1080 1495 l.
1104 1473 1155 1502 12),
1176 1473 1205 1496 fu
1225 1474 1331 1504 ripreso
1352 1474 1385 1497 da
1400 1474 1549 1498 Passarino
1569 1474 1716 1498 Bonacolsi
1733 1475 1852 1498 durante
1867 1474 1892 1497 la
1907 1481 1955 1497 sua

1063 1515 1188 1545 signoria
1208 1523 1222 1538 e
1241 1516 1275 1539 da
1295 1516 1334 1539 lui
1356 1516 1422 1540 dato
1444 1517 1472 1540 in
1493 1517 1620 1540 custodia
1635 1524 1649 1540 a
1669 1515 1788 1539 Niccolo
1808 1517 1842 1539 da
1857 1516 1955 1543 Fred0‚

1063 1556 1146 1580 d’una
1173 1557 1301 1589 sarniglia
1326 1557 1356 1581 di
1383 1559 1493 1590 signori
1519 1559 1606 1582 rurali
1633 1558 1712 1582 ostili
1742 1558 1799 1590 agli
1826 1558 1956 1582 Estensi:

1062 1599 1187 1623 cacciato
1209 1600 1229 1622 il
1249 1599 1400 1624 Bonacolsi
1422 1600 1467 1624 nel
1489 1599 1564 1631 1318,
1592 1599 1713 1624 Niccolo
1733 1598 1845 1624 restitui
1871 1599 1893 1623 il
1913 1607 1957 1623 ca-

1063 1640 1147 1664 stello
1167 1641 1194 1664 al
1214 1648 1331 1665 comune
1351 1641 1380 1665 di
1399 1641 1529 1670 Modena,
1558 1642 1712 1666 ottenendo
1732 1639 1792 1665 cosi
1812 1641 1838 1664 ia
1858 1641 1958 1664 libera-

1062 1685 1143 1708 zione
1162 1683 1206 1707 del
1225 1683 1305 1714 figlio
1325 1682 1480 1711 Giovanni.
1500 1684 1550 1707 che
1569 1691 1614 1707 era
1635 1683 1707 1708 nelle
1721 1683 1826 1707 carceri
1838 1693 1843 1711 ;
1857 1684 1892 1707 da
1906 1683 1957 1716 poi

1063 1725 1176 1758 espulso
1196 1725 1273 1748 dalla
1298 1723 1368 1749 eitta
1389 1725 1433 1748 nel
1456 1732 1531 1756 1331,
1550 1724 1646 1757 ripato
1668 1732 1684 1749 a
1704 1725 1902 1757 Spilamberto‚
1927 1724 1957 1748 di

1064 1768 1107 1790 cui
1129 1766 1226 1790 l'anno
1251 1767 1416 1799 precedente
1440 1774 1530 1790 aveva
1550 1769 1636 1791 avuto
1656 1768 1691 1791 da
1711 1766 1860 1791 Giovanni
1880 1773 1908 1789 re
1928 1767 1958 1790 di

1064 1809 1178 1833 Boemia
1188 1809 1201 1822 ‘¹
1209 1809 1366 1833 custodiam
1377 1811 1405 1833 ct
1416 1811 1476 1833 iura
1487 1809 1578 1841 ipsius
1586 1826 1611 1839 „.
1625 1809 1754 1833 Tornato
1764 1816 1866 1833 ancora
1875 1816 1888 1832 a
1899 1808 1958 1831 Mo-

1064 1852 1145 1880 dena,
1163 1850 1292 1881 Niecolo,
1313 1851 1356 1874 nel
1373 1857 1439 1883 133²
1454 1851 1484 1875 fu
1498 1853 1635 1875 costretto
1649 1851 1677 1874 di
1694 1858 1790 1875 nuovo
1808 1857 1824 1874 a
1838 1851 1957 1877 uscirne.

1064 1900 1079 1917 e
1097 1894 1126 1917 di
1141 1901 1238 1917 nuovo
1253 1892 1346 1926 riparo
1361 1892 1578 1925 aSpilamberto
1599 1892 1646 1925 (cs.
1666 1900 1692 1926 p.
1715 1899 1772 1925 109,
1794 1894 1812 1917 1,
1833 1892 1869 1924 7).
1906 1892 1957 1916 Nel

1068 1942 1132 1968 1333
1147 1936 1157 1960 i
1170 1935 1317 1959 Modenesi
1329 1936 1477 1959 andarono
1497 1943 1512 1959 a
1525 1942 1625 1967 campo
1645 1936 1747 1959 contro
1766 1934 1957 1967 Spilamberto

1065 1985 1079 2002 e
1098 1978 1128 2001 vi
1146 1984 1268 2001 eressero
1288 1985 1325 2001 un
1344 1977 1490 2002 battisolle
1508 1985 1557 2009 per
1570 1977 1732 2009 ritoglierlo
1752 1979 1779 2001 ai
1795 1978 1830 2001 da
1849 1977 1957 2003 Fredo;

1066 2027 1109 2043 ma
1129 2019 1150 2043 il
1172 2027 1185 2051 7
1205 2020 1312 2051 giugno
1333 2019 1424 2043 fecero
1444 2021 1541 2051 tregua
1561 2026 1615 2043 con
1635 2018 1756 2043 Niccolo
1777 2019 1826 2043 che
1847 2018 1957 2051 seguito

1066 2068 1082 2086 a
1100 2064 1194 2085 tenere
1213 2062 1235 2086 il
1255 2061 1380 2089 castello,
1401 2062 1473 2085 dove
1493 2061 1590 2085 l'anno
1611 2068 1744 2092 appresso
1758 2062 1906 2085 andarono
1926 2061 1956 2084 in
1988 2058 1999 2067 ⁸

1065 2104 1145 2128 aiuto
1156 2104 1181 2127 le
1195 2104 1300 2127 milizie
1313 2104 1418 2128 estensi
1429 2103 1466 2136 (p.
1481 2110 1538 2128 112.
1552 2103 1581 2126 ll.
1597 2102 1682 2132 10-11)
1693 2113 1698 2131 ;
1710 2104 1737 2127 la
1747 2110 1847 2135 guerra
1857 2105 1958 2127 contro

1067 2146 1093 2170 al
1113 2145 1231 2169 castello
1249 2143 1388 2169 continuo
1409 2152 1457 2177 per
1475 2147 1553 2169 tutto
1574 2145 1594 2168 il
1616 2151 1700 2177 13:352
1724 2146 1772 2177 poi
1799 2152 1815 2168 a
1838 2143 1958 2168 Niccoio

1066 2188 1222 2212 succedette
1240 2187 1262 2211 il
1281 2187 1360 2219 figlio
1385 2186 1541 2217 Giovanni,
1560 2187 1587 2210 al
1607 2187 1689 2218 quale
1709 2187 1719 2210 i
1738 2187 1836 2219 cugini
1858 2186 1958 2210 Aiber-

1066 2230 1130 2254 tino
1149 2236 1164 2253 e
1182 2230 1269 2258 Doze,
1293 2229 1354 2261 figli
1373 2229 1401 2253 di
1428 2229 1531 2260 Iacopo
1559 2229 1593 2252 da
1619 2228 1719 2256 Fredo,
1748 2229 1854 2253 fautori
1881 2228 1958 2261 degli

1067 2272 1186 2300 Estensi,
1201 2272 1229 2296 10
1242 2271 1349 2296 tolsero
1363 2271 1564 2296 furtivamente
1577 2271 1598 2294 il
1614 2277 1645 2302 ²5
1660 2278 1752 2295 marzo
1766 2272 1810 2295 del
1828 2278 1901 2303 1344,
1916 2274 1957 2295 ot-

1066 2314 1189 2337 tenendo
1204 2314 1249 2337 dai
1261 2313 1397 2337 marchesi
1411 2312 1503 2337 d‘Este
1516 2313 1544 2337 la
1563 2314 1692 2337 custodia
1706 2313 1751 2337 dei
1770 2313 1896 2341 castello,
1910 2312 1957 2336 dal

1067 2355 1149 2387 quale
1169 2356 1253 2387 pochi
1271 2356 1365 2387 giorni
1385 2355 1461 2388 dopo
1481 2354 1662 2379 scacciarono
1682 2356 1692 2378 i
1718 2355 1829 2378 custodi
1854 2355 1903 2378 che
1928 2355 1958 2378 vi

1067 2404 1152 2421 erano
1172 2404 1220 2429 per
1238 2397 1260 2421 il
1280 2397 1385 2429 cugino
1405 2396 1564 2421 Giovanni.

1155 2437 1167 2453 ²
1186 2438 1226 2463 La
1245 2441 1336 2463 morte
1355 2440 1382 2463 di
1403 2438 1523 2463 Niccolo
1541 2439 1554 2462 Ι
1573 2438 1666 2462 d’Este
1684 2437 1699 2463 ὲ
1719 2441 1801 2471 posta
1820 2439 1846 2462 al
1866 2439 1959 2470 primo

1068 2481 1098 2505 di
1108 2482 1221 2513 maggio
1235 2480 1282 2504 dal
1299 2482 1360 2505 Chr.
1374 2481 1442 2509 Est„
1453 2488 1502 2512 41¹
1515 2481 1578 2512 (cfr.
1588 2481 1675 2509 ΜΠ(Ἷ
1688 2482 1750 2505 Ant.
1764 2481 1831 2511 Est„
1842 2481 1877 2511 ΙΙ,
1890 2479 1959 2512 108).

1156 2521 1167 2538 ³
1186 2523 1212 2547 S.
1232 2522 1394 2552 Antonino,
1415 2523 1485 2547 villa
1504 2530 1558 2547 con
1578 2523 1671 2547 chiesa
1689 2521 1736 2555 gia
1761 2524 1893 2547 esistente
1914 2523 1958 2546 nel

1068 2565 1215 2589 territorio
1234 2565 1264 2589 di
1283 2565 1450 2589 Nonantola
1469 2566 1503 2589 ad
1523 2565 1638 2589 oriente
1657 2572 1741 2589 verso
1760 2566 1782 2589 il
1802 2565 1960 2597 Bolognese

1068 2606 1192 2639 (Tuum,
1213 2607 1252 2631 St.
1272 2608 1350 2636 Non„
1368 2606 1389 2636 1,
1410 2606 1481 2639 215).
1517 2608 1571 2632 Per
1589 2607 1748 2640 Lisignana
1767 2607 1960 2639 (Luxignana)

1068 2650 1134 2673 vedi
1148 2649 1260 2679 Tuus„
1274 2650 1346 2678 Dia,
1359 2649 1380 2677 Ι,
1394 2656 1454 2681 405.
1491 2649 1529 2673 Di
1542 2649 1634 2674 Fredo
1648 2658 1662 2673 e
1675 2650 1840 2682 Formlgine
1851 2650 1876 2674 si
1888 2648 1959 2681 &gia

1069 2691 1147 2715 detto
1159 2692 1287 2720 altrove3
1300 2689 1362 2716 cosi
1377 2691 1422 2715 dei
1436 2691 1536 2723 borghi
1552 2692 1581 2715 di
1592 2690 1738 2716 Ganaceto
1752 2700 1766 2716 e
1780 2692 1810 2716 di
1824 2692 1960 2716 Albareto

1069 2733 1157 2758 vicini
1178 2740 1194 2758 a
1213 2733 1345 2764 Modena,
1365 2742 1380 2758 a
1398 2735 1448 2757 sud
1467 2740 1482 2758 e
1500 2741 1516 2758 a
1534 2734 1652 2758 sud-est.

1157 2774 1166 2791 ⁴
1185 2775 1326 2800 L’attuale
1345 2775 1445 2801 'rivoli
1473 2776 1518 2800 nel
1537 2777 1685 2800 territorio
1710 2777 1897 2808 persicetano:
1925 2776 1960 2800 cs.

1070 2818 1145 2842 uelle
1165 2819 1219 2842 mie
1238 2819 1310 2842 A'ote
1330 2818 1360 2842 di
1376 2819 1530 2851 lopo-grafia
1558 2819 1657 2843 storica
1677 2819 1816 2850 bolognese
1834 2818 1927 2851 (Atti
1947 2826 1962 2841 e

1069 2859 1163 2884 Mem.
1183 2860 1284 2884 della
1302 2859 1343 2884 R.
1362 2860 1445 2892 Dep.
1465 2860 1490 2884 d.
1511 2859 1559 2884 St.
1579 2862 1705 2892 patria
1730 2867 1789 2893 per
1810 2861 1841 2884 le
1861 2867 1961 2891 prov.

1071 2902 1102 2926 d.
1122 2902 1280 2933 Romagn
1290 2909 1312 2931 e,
1332 2901 1469 2931 Serie1V,
1484 2902 1540 2926 vol.
1554 2901 1587 2931 V,
1600 2910 1647 2935 pp.
1660 2909 1711 2934 334
1725 2909 1740 2926 e
1754 2909 1808 2933 seg.
1824 2902 1961 2933 Bologna,
2011 2913 2020 2917 -

1074 2943 1159 2975 1915),
1180 2944 1208 2968 la
1228 2946 1298 2968 nota
1317 2943 1356 2968 111
1375 2951 1406 2968 su
1427 2943 1553 2968 Taifaio.

1158 2984 1169 3001 ⁵
1189 2984 1246 3013 Qui
1260 2986 1326 3009 cade
1346 2988 1419 3010 assai
1440 2986 1665 3019 probabilmente
1678 2989 1734 3010 una
1749 2986 1866 3014 lacuna;
1887 2986 1962 3010 forse

2001 398 2075 418 Mun..
2098 399 2134 415 ὁρ]

1986 1644 2017 1669 55

1985 1847 2019 1869 ὁο

1989 2696 2023 2719 So
