2318 3603
169 754 258 773 abs-²

173 1491 245 1509 Mis..

266 1490 301 1510 {1114

300 2135 331 2151 10

303 2770 334 2795 25

303 2980 337 3005 30

924 248 1245 283 CHRONICON
1276 248 1587 282 MUTINENSE

349 320 2175 331 ........................................................................................................................................................................................................

347 371 473 404 niendo
498 371 542 402 ad
565 371 693 402 dict-um
717 369 966 402 Montestinum
990 375 1100 401 terrae
1125 368 1311 410 Balugolae
1326 369 1346 405 ¹,
1372 375 1405 400 et
1437 368 1516 400 inde
1541 369 1708 400 Mutinam
1742 368 1833 400 venit
1857 368 1941 399 hora
1964 368 2181 410 completorii

346 435 422 455 cum
450 423 569 465 paucis
592 422 769 460 militibus,
794 422 999 455 dimittendo
1023 433 1086 463 per
1103 421 1191 452 viam
1209 421 1427 462 quamplures
1451 431 1556 463 equos
1571 427 1603 452 et
1627 421 1692 452 alia
1716 420 1850 452 amesia
1874 421 1954 462 quia
1976 431 2063 452 unus
2076 420 2179 452 alium

348 487 415 508 non
441 475 655 517 expectabat.
702 476 803 506 Tune
827 476 882 506 die
907 474 962 516 xxj
988 474 1133 505 ianuarii
1156 473 1335 504 Mantuani
1360 484 1435 504 cum
1459 483 1582 516 magno
1607 473 1759 505 exercitu
1783 483 1887 513 super
1909 473 2054 504 insulam
2079 473 2180 515 Figa-

347 529 409 560 roli
441 529 579 559 armatis
602 528 758 559 manibus
783 534 1013 564 accesserunt,
1038 526 1168 557 ibidem
1192 525 1249 566 [et]
1274 526 1309 556 in
1333 525 1487 566 partibus
1519 525 1586 556 illis
1618 525 1793 557 districtus
1816 524 1979 556 Ferariae
2003 531 2071 556 tam
2102 536 2181 566 per-

347 591 506 613 sonarum
528 591 629 622 quam
652 591 765 611 rerum
783 587 816 611 et
839 579 1034 611 animalium
1061 584 1094 610 et
1112 577 1348 610 combustione
1367 578 1545 608 domorum
1562 578 1678 619 dapna
1694 578 1840 608 maxima
1856 577 2051 614 inferendo,
2068 577 2180 608 nichi-

349 634 493 666 lominus
511 639 631 664 euntes
646 643 754 674 usque
771 633 814 664 ad
830 632 1099 674 Lagumscurum
1125 641 1244 662 omnes
1260 631 1302 661 de
1326 629 1478 671 partibus
1503 629 1569 661 illis
1592 630 1626 661 in
1644 631 1726 672 fuga
1750 630 1896 661 maxima
1920 629 2180 670 prosternendo,

350 686 445 718 cuius
460 686 580 717 timore
598 684 845 716 Bondenenses
862 684 1019 715 fecerunt
1035 683 1252 725 palancatum
1272 682 1304 712 in
1322 681 1435 712 canali
1458 681 1540 722 [seu]
1565 682 1696 714 fossatu
1721 682 1763 713 de
1786 681 1903 713 subter
1927 682 2079 718 Fossam,
2104 691 2183 712 cum

349 738 545 774 butifredis;
570 743 604 768 et
628 743 748 779 postea
771 737 857 769 dicti
881 736 1060 768 Mantuani
1089 746 1165 766 cum
1183 735 1312 776 praeda
1328 744 1451 776 magna
1468 733 1652 765 bestiarum
1668 734 1845 766 Mantuam
1863 734 2040 765 redierunt
2054 732 2094 765 ².'
2140 733 2184 765 Et

348 800 428 824 tunc
452 791 507 822 die
531 790 617 821 iovis
639 790 675 833 iij
694 789 861 821 februarii
877 788 1069 831 Macarelus
1093 789 1136 819 de
1161 788 1300 830 Cucano
1319 787 1402 818 civis
1426 786 1648 818 bononiensis
1668 787 1890 824 extrinsecus,
1908 792 2056 818 tractatu
2071 785 2183 817 domi-

350 855 469 876 norum
500 843 689 880 Bononiae,
722 842 862 884 capitali
897 841 1066 873 sententia
1101 841 1135 871 in
1172 840 1312 872 civitate
1347 839 1509 870 Mantuae
1547 839 1670 871 exititit
1702 840 1923 881 interemptus
1935 838 1957 871 ³.
2004 839 2106 870 Tunc
2139 838 2183 870 de

349 898 444 930 dicto
461 905 576 928 mense
594 895 761 926 februarii
778 895 997 927 Gastaldinus
1018 895 1061 925 de
1079 893 1226 925 Gomola
1249 892 1425 924 revellavit
1442 898 1589 923 castrum
1606 892 1799 924 Brandulae
1824 892 1963 924 domino
1979 891 2185 930 Marchioni‚

348 956 480 982 mortuo
503 948 736 990 Maghinardo
760 948 802 979 de
828 947 973 979 Gomola
996 947 1068 978 eius
1086 952 1252 988 cognato:
1278 953 1390 976 tamen
1416 945 1534 976 amicis
1558 944 1862 976 intervenientibus
1885 944 2029 976 restituit
2053 944 2183 976 dictum

353 1009 499 1034 castrum
524 1000 662 1032 domino
687 999 883 1031 Marchioni
907 1006 940 1031 et
964 999 1028 1030 ivit
1051 999 1225 1030 Ferariam
1239 998 1261 1029 4.

436 1054 601 1086 Dominus
625 1053 767 1097 Cirocus
798 1052 840 1084 de
873 1052 996 1084 Bardis
1027 1052 1069 1083 de
1102 1051 1277 1083 Florentia
1308 1050 1465 1082 Potestas
1489 1050 1642 1082 Mutinae
1666 1060 1730 1091 pro
1754 1050 1895 1082 domino
1924 1050 2128 1081 Marchione
2153 1049 2187 1079 in

350 1108 577 1140 M.cccx>mxv
600 1106 799 1147 incipiendo
822 1106 857 1136 in
882 1105 1035 1137 calendis
1058 1104 1225 1136 februarii
1249 1110 1283 1134 et
1307 1104 1457 1135 finiendo
1484 1104 1520 1134 in
1552 1103 1705 1135 calendis
1729 1103 1870 1147 augusti.
1917 1103 2018 1134 Tunc
2049 1103 2104 1134 die
2135 1112 2188 1133 sa-

351 1161 419 1193 bati
442 1162 476 1204 xj
502 1160 585 1191 iunii
608 1165 761 1200 tempore
786 1159 895 1190 noctis
920 1164 1067 1190 castrum
1092 1157 1219 1188 Montis
1255 1157 1376 1189 Babuli
1404 1157 1565 1188 traditum
1590 1156 1654 1188 fuit
1679 1156 1817 1188 domino
1841 1155 2037 1187 Marchioni
2061 1165 2124 1197 per
2147 1155 2187 1186 il-

351 1217 402 1247 los
425 1215 468 1246 de
492 1213 612 1245 Monte
635 1211 768 1244 Babulo
793 1212 852 1254 qui
868 1212 976 1253 ipsum
996 1210 1158 1242 tenebant
1172 1210 1192 1242 ⁵.
1239 1210 1303 1241 Die
1328 1210 1411 1241 iovis
1434 1209 1488 1251 xvj
1507 1209 1589 1240 iunii
1607 1209 1780 1251 Cagnolus
1797 1209 1840 1240 de
1857 1208 2007 1251 Corigia‚
2025 1209 2093 1250 qui,
2110 1218 2190 1249 pro-

351 1269 481 1300 visione
505 1265 730 1303 Marchionis‚
755 1266 783 1297 F
785 1264 916 1296 erariae
940 1263 1222 1300 commorabatur,
1249 1263 1340 1300 inde,
1365 1262 1547 1294 insalutato
1564 1262 1709 1303 hospite,
1726 1272 1761 1293 se
1779 1262 1950 1303 separavit
1967 1271 2044 1292 cum
2067 1261 2189 1293 Barro-

352 1323 465 1353 lomeo
490 1319 532 1351 de
556 1318 675 1350 Monte
699 1317 848 1354 Cucolo:
866 1317 923 1359 qui
941 1316 1040 1348 ambo
1065 1316 1100 1347 in
1125 1316 1279 1348 districtu
1304 1316 1461 1347 Bondeni
1486 1315 1577 1356 capti
1602 1315 1740 1346 fuerunt
1764 1321 1797 1346 et
1813 1315 1909 1346 ducti
1932 1314 2115 1351 Ferariam‚
2132 1313 2190 1345 ubi

353 1374 466 1406 dictus
490 1371 664 1414 Cagnolus
688 1370 833 1401 vinculis
857 1370 1014 1412 alligatus
1038 1369 1147 1401 extitit
1172 1375 1205 1400 et
1229 1368 1384 1399 dominus
1416 1367 1654 1399 Bartolomeus
1686 1367 1773 1398 datis
1797 1365 2052 1398 fideiussoribus
2077 1365 2190 1398 extitit

355 1427 540 1461 relaxatum
558 1431 591 1456 et
608 1423 846 1455 nichilominus
870 1423 1030 1454 Ferariae
1054 1427 1277 1463 permanente
1302 1428 1420 1462 postea
1445 1421 1568 1462 elapsis
1584 1432 1615 1452 x.
1633 1419 1804 1452 mensibus
1820 1420 1874 1451 vel
1891 1420 1983 1451 circa
2001 1420 2118 1462 fugam
2136 1429 2189 1450 ar-

355 1479 458 1520 ripuit
483 1479 594 1510 dictus
618 1477 854 1508 Bartolomeus
877 1482 910 1506 et
934 1476 993 1506 ivit
1018 1476 1235 1517 Fregnanum
1260 1482 1293 1506 et
1317 1474 1365 1505 ibi
1389 1484 1545 1516 guerram
1570 1474 1656 1505 fecit
1680 1473 1893 1505 consortibus
1910 1479 1943 1504 et
1959 1472 2106 1504 inimicis
2122 1471 2190 1504 suis

356 1538 388 1564 et
412 1531 550 1563 domino
572 1529 768 1562 Marchioni
793 1538 869 1560 cum
894 1534 997 1570 gente
1023 1534 1056 1559 et
1080 1526 1219 1559 auxilio'
1251 1527 1464 1558 dominorum
1489 1527 1532 1558 de
1557 1527 1702 1558 Mantua
1714 1525 1735 1558 ὅ.
1782 1526 1827 1558 Et
1851 1532 1932 1557 tunc
1951 1525 2125 1568 Johannes
2148 1524 2191 1556 de

354 1585 506 1628 Corigia‚
530 1584 588 1627 qui
610 1589 692 1615 tunc
716 1583 751 1613 in
776 1592 916 1614 carcere
941 1582 1103 1613 Mantuae
1128 1580 1299 1618 manebat,
1323 1581 1491 1612 relaxatus
1515 1580 1580 1611 fuit
1605 1586 1636 1611 et
1660 1580 1722 1611 ivit
1745 1580 1789 1611 ad
1813 1585 1923 1611 castra
1951 1589 2011 1611 sua
2023 1577 2045 1611 ⁷.
2090 1578 2191 1610 Tunc

446 1704 466 1721 1.
486 1696 592 1721 dictum
612 1703 662 1720 om.
682 1695 759 1719 Μυκ.
779 1707 810 1712 -
832 1701 855 1725 4.
876 1695 902 1718 et
921 1701 969 1717 non
989 1693 1003 1716 ὲ
1021 1694 1049 1716 in
1067 1693 1107 1722 A..
1128 1692 1216 1722 Mun„
1232 1693 1276 1716 Cr.
1292 1704 1322 1709 —-
1339 1697 1361 1722 5.
1376 1692 1453 1716 Μυκ.
1468 1692 1535 1722 dopo
1554 1691 1719 1716 animalium
1738 1700 1805 1723 agg.
1824 1691 1937 1723 praeda,
1957 1698 2000 1714 ma
2017 1697 2069 1714 non
2086 1690 2124 1714 mi
2134 1693 2193 1720 par

355 1742 511 1771 necessario,
524 1741 570 1764 εΙιὲ»
582 1741 594 1763 ι’
605 1744 648 1764 tre
664 1739 786 1771 genitivi
803 1739 948 1770 dipendono
969 1738 1034 1761 tutti
1050 1737 1085 1760 da
1105 1736 1197 1768 dapna
1218 1749 1250 1753 —
1271 1743 1295 1768 7.
1316 1736 1490 1760 Boninenses
1503 1736 1553 1766 A.3
1567 1736 1759 1759 Bononienses
1773 1736 1860 1765 Mun.¹
1877 1735 1922 1760 Cr.
1936 1748 1947 1753 -
1960 1742 2008 1759 seu
2021 1741 2071 1758 non
2085 1731 2099 1757 ἓ
2112 1734 2138 1756 {n
2151 1733 2192 1762 A„

356 1785 442 1814 Mun„
465 1785 509 1809 Cr.
525 1799 555 1801 —
570 1784 594 1809 8.
608 1783 711 1816 praeda
731 1782 818 1811 Mun„
839 1783 903 1812 Cr.3
922 1782 1049 1814 predicta
1068 1781 1100 1805 Α.
1116 1793 1148 1796 -
1162 1787 1186 1811 9.
1200 1780 1271 1804 civis
1284 1780 1371 1809 Μυκ.,
1387 1780 1447 1807 Cr.;
1461 1780 1540 1804 cuius
1552 1780 1586 1805 A.
1600 1793 1631 1795 —
1648 1785 1686 1802 10.
1702 1779 1731 1803 in
1746 1780 1863 1803 civitate
1877 1786 1926 1803 om.
1941 1778 2028 1808 Mun..
2042 1778 2088 1803 Cr.
2103 1790 2135 1795 —-
2152 1783 2191 1801 12.

355 1832 448 1853 tamen
462 1829 550 1858 Μυκ.,
565 1828 626 1858 C'r.;
645 1829 701 1851 tam
722 1827 753 1850 A.
774 1839 806 1844 -—
830 1833 870 1856 14.
889 1826 1007 1849 Zet-otus
1020 1824 1106 1853 Mum,
1123 1825 1182 1848 Cr.:
1199 1823 1330 1848 Girocius
1344 1824 1383 1847 M.
1400 1837 1431 1840 —
1449 1822 1489 1847 16.
1502 1823 1542 1856 xj]
1557 1823 1609 1847 cos}
1623 1824 1707 1855 lagga
1719 1823 1798 1847 anche.
1811 1823 1890 1848 Μυκ.
1903 1823 1927 1846 il
1936 1823 2015 1848 solito
2028 1823 2047 1854 ij
2061 1821 2092 1846 di
2103 1822 2135 1846 A.
2148 1821 2194 1845 che

360 1874 405 1898 Cr.
419 1873 499 1904 legge
511 1873 600 1896 invect·
613 1872 651 1904 ij?
665 1871 689 1895 il
699 1877 712 1894 2
725 1872 832 1903 giugno
845 1871 882 1902 s¹¹
897 1868 1010 1902 giovedi
1023 1877 1037 1892 e
1049 1868 1102 1893 l'11
1114 1868 1206 1892 sabato
1227 1882 1257 1884 —
1281 1867 1366 1899 17-18.
1381 1868 1543 1900 provisione
1557 1868 1644 1897 Mum,
1666 1868 1726 1897 Cr.;
1746 1868 1910 1899 procesione
1929 1867 1978 1896 Α.;
1991 1867 2070 1899 jorse
2083 1871 2192 1898 proces-

355 1917 435 1941 sione
456 1924 470 1941 ο
488 1917 667 1940 concessione
687 1914 877 1938 Mau-chionis?
896 1927 927 1930 —
951 1912 990 1936 18.
1011 1913 1164 1936 insalutato
1178 1912 1264 1942 MUR„
1281 1913 1341 1940 Cr.;
1356 1919 1383 1936 se
1403 1912 1522 1935 salutato
1541 1912 1576 1936 Α.
1596 1925 1627 1929 -
1648 1918 1689 1943 24.
1703 1913 1770 1935 tunc
1783 1912 1880 1936 avanti
1891 1913 1920 1935 in
1933 1919 1984 1936 om.
1997 1910 2085 1940 Mum,
2101 1910 2146 1934 Cr.

446 1995 453 2011 ¹
466 1995 608 2027 Balugola‚
623 1995 754 2019 distretto
766 1994 839 2018 nella
849 1993 922 2017 valle
934 1993 978 2017 del
990 1992 1111 2025 Tiepido
1123 1991 1246 2024 (Τ1κΑΒ.,

358 2040 430 2068 Diz„
449 2039 470 2068 Ι,
490 2036 590 2070 35-38),
611 2037 645 2061 da
663 2036 842 2061 Monsestino
861 2043 877 2059 a
897 2035 985 2059 Torre
1005 2034 1078 2058 della
1098 2034 1203 2058 Maina.

445 2079 456 2095 ²
477 2080 522 2104 Cf.
536 2080 645 2107 szzx,
662 2080 804 2109 [mamper
817 2079 844 2101 la
863 2081 926 2101 scor.
941 2078 971 2101 di
984 2078 1113 2103 Fet-rara,
1127 2075 1174 2103 111,
1191 2082 1248 2107 279.

359 2123 397 2147 La
411 2124 423 2136 ‘¹
436 2123 521 2147 Fossa
530 2141 542 2153 ‚,
556 2122 708 2146 fortificata
720 2121 765 2145 dai
778 2120 936 2144 Bondesani
950 2120 1062 2143 dovette
1074 2126 1145 2142 esser
1156 2118 1248 2149 quella

358 2166 408 2189 che
428 2165 472 2189 nel
492 2165 584 2188 medio
598 2171 650 2188 evo
665 2171 710 2187 era
724 2163 800 2187 detta
817 2163 828 2174 ‘¹
841 2162 985 2185 Fossalata
998 2180 1020 2192 „,
1042 2161 1116 2184 nella
1132 2160 1204 2184 valle
1219 2160 1247 2183 di

359 2208 476 2234 Burana.
491 2210 533 2232 tra
547 2206 670 2231 Sermide
684 2214 697 2230 e
709 2206 844 2229 Bondeno
859 2204 906 2235 (cs.
916 2204 950 2227 A.
966 2204 1109 2231 Burrum,
1124 2203 1153 2226 in
1168 2203 1249 2226 Atti

359 2250 458 2274 della
478 2249 726 2281 deputazIOne
741 2247 918 2271 ferrarese
932 2246 966 2269 di
981 2246 1100 2270 storia
1114 2244 1249 2276 patria,

359 2291 394 2321 Π,
410 2299 455 2316 101
472 2300 485 2315 e
502 2290 572 2323 105).
602 2291 627 2314 Il
642 2291 715 2315 fatto
728 2289 757 2314 di
767 2289 903 2321 Figarolo
915 2289 945 2312 fu
959 2289 1034 2320 dopo
1047 2288 1068 2311 il
1080 2293 1111 2310 22
1125 2286 1249 2318 gennaio

364 2340 427 2366 1345
460 2333 581 2358 secondo
602 2333 622 2356 il
647 2332 706 2356 Chr.
737 2333 804 2360 Est..
825 2330 890 2363 416;
922 2331 949 2354 fu
971 2331 992 2354 il
1020 2337 1049 2354 22
1078 2329 1199 2353 secondo
1230 2329 1249 2351 il

365 2378 426 2402 Chr.
446 2385 504 2408 reg.

449 2418 460 2434 ³
480 2419 581 2443 Vedasi
603 2418 742 2445 addietro,
763 2425 776 2441 a
798 2423 824 2449 p.
854 2422 900 2447 117
922 2424 947 2439 n.
970 2422 992 2439 2.
1029 2415 1090 2438 Due
1116 2413 1251 2437 cronache

363 2463 508 2493 bolognesi
537 2462 694 2492 registrano
720 2460 747 2483 la
774 2459 985 2490 decapitazione
1006 2457 1049 2480 del
1070 2456 1204 2480 Cuzzano
1226 2455 1250 2478 al

367 2510 428 2536 1345
451 2511 530 2528 senza
551 2504 687 2534 proc-isare
708 2501 729 2525 il
749 2502 853 2533 giorno
867 2500 910 2524 del
927 2500 998 2523 fatto
1012 2498 1103 2530 (Corp.
1118 2499 1171 2521 chr.
1186 2498 1251 2525 hon„

363 2547 396 2575 ΙΙ,
417 2553 476 2579 529,
496 2552 519 2577 7,
540 2544 599 2576 24);
620 2552 663 2568 ma
683 2545 735 2568 due
755 2543 827 2567 delle
842 2543 985 2566 redazioni
1006 2541 1109 2565 fissano
1129 2540 1150 2564 il
1166 2546 1180 2563 2
1196 2540 1251 2563 feb-

362 2590 452 2613 braio.
488 2588 528 2612 La
547 2593 666 2611 cronaca
687 2586 851 2617 Varignana
871 2585 905 2608 ha
925 2586 1019 2615 queste
1034 2582 1131 2615 parole
1145 2582 1204 2613 (ivi.
1218 2581 1251 2607 ΙΙ,

364 2638 422 2663 530,
445 2629 550 2662 13-18):
573 2630 585 2641 ‘¹
597 2627 643 2653 adl
659 2630 676 2660 ij
692 2628 725 2652 de
742 2628 849 2651 febraro
865 2634 951 2650 meser
965 2626 1112 2658 Philipino
1127 2625 1161 2648 da
1175 2622 1252 2647 Gon-

366 2674 457 2704 “zaga
479 2673 535 2696 fece
555 2671 674 2702 tagliare
699 2670 724 2694 el
745 2677 813 2701 capo
833 2676 849 2693 a
875 2668 1025 2692 Mazarello
1051 2668 1085 2691 da
1112 2666 1251 2693 Chuzano,

366 2716 376 2726 ‘⁴
390 2715 414 2738 el
434 2714 515 2745 quale
535 2712 681 2737 rebbelava
701 2713 754 2735 tuti
775 2711 796 2734 li
817 2711 930 2734 tractati
952 2709 976 2733 al
998 2709 1136 2732 marchese
1151 2707 1252 2731 Obizzo

366 2757 376 2768 ‘¹
390 2757 423 2780 da
444 2756 553 2783 Ferara,
573 2754 598 2778 el
618 2754 699 2785 quale
713 2753 851 2777 marchese
866 2759 952 2776 aveva
973 2758 1115 2783 promesso
1136 2750 1160 2773 ai
1176 2750 1252 2773 dicto

366 2802 377 2811 ¹⁴
390 2798 542 2822 Mazarello
563 2796 611 2820 che
633 2795 741 2820 sarebbe
762 2795 810 2818 che
831 2795 870 2818 lui
886 2794 1031 2818 tornarebe
1047 2794 1074 2816 in
1090 2799 1151 2816 casa
1169 2799 1217 2815 sua
1230 2809 1251 2820 „.

364 2841 385 2864 Il
405 2839 548 2864 Rodolico
563 2837 615 2871 (op.
628 2837 692 2867 cit),
707 2845 733 2869 p.
750 2836 806 2865 168,
821 2835 928 2860 accetto
943 2838 1039 2867 questa
1054 2836 1195 2863 versione-3
1209 2841 1252 2857 ma

364 2891 419 2906 non
445 2881 460 2906 ὲ
480 2889 562 2906 senza
592 2880 837 2911 verosimiglianza
866 2879 915 2902 che
943 2880 1038 2902 invece
1069 2877 1088 2900 il
1119 2876 1252 2900 Cuzzano

366 2925 437 2948 fosse
457 2925 618 2955 decapitata
638 2930 652 2946 a
674 2924 782 2945 istanza
803 2921 845 2944 dei
867 2920 980 2951 Pepoli:
1003 2920 1147 2942 “tractatu
1162 2919 1253 2941 domi-

366 2967 378 2979 ¹¹
390 2973 489 2990 notum
509 2965 654 2989 Bononiae
666 2983 678 2994 Π
708 2964 768 2987 dice
794 2963 814 2986 il
843 2964 940 2986 nostro
967 2963 1100 2987 cronista,
1121 2967 1200 2991 preso
1232 2959 1251 2982 il

363 3011 485 3040 pretesto
500 3008 526 3031 di
542 3006 706 3031 rivelazioni
722 3006 770 3028 che
783 3005 837 3035 egli
853 3004 969 3028 avrebbe
985 3004 1057 3027 fatto
1073 3002 1098 3026 al
1113 3002 1253 3025 marchese

1301 1993 1328 2016 (11
1350 1992 1472 2018 Ferrara.
1493 1993 1582 2016 allora
1604 1994 1632 2015 in
1653 2000 1751 2023 guerra
1772 1993 1815 2016 coi
1838 1991 1981 2023 Gonzaga.

1389 2034 1400 2049 ⁴
1421 2035 1542 2059 Sebbene
1562 2035 1618 2058 fino
1640 2034 1684 2058 dal
1708 2040 1771 2066 1337
1794 2035 1800 2057 i
1822 2035 1899 2058 conti
1921 2033 1948 2057 di
1964 2032 2103 2057 Gombola
2117 2039 2194 2057 aves-

1302 2083 1362 2100 sero
1384 2078 1566 2108 assoggettati
1588 2075 1616 2100 se
1636 2084 1649 2100 e
1669 2077 1694 2100 le
1714 2076 1776 2100 loro
1803 2078 1886 2106 terre,
1906 2078 1948 2099 tra
1968 2076 1994 2099 le
2012 2074 2088 2107 quali
2108 2075 2130 2098 il
2150 2081 2193 2098 ca-

1303 2119 1385 2144 stello
1397 2120 1423 2142 di
1438 2119 1578 2143 Brandola
1590 2119 1637 2150 (cf.
1651 2118 1846 2148 T1m13.,Di:.,
1862 2118 1881 2146 Ι,
1896 2116 1967 2150 349),
1983 2118 2007 2142 si
2020 2117 2194 2141 ribellarono

1304 2162 1498 2188 num-amente,
1520 2161 1593 2184 forse
1613 2167 1661 2192 per
1681 2159 1790 2183 aderire
1810 2159 1867 2183 alla
1881 2160 2030 2183 resistenza
2044 2159 2093 2183 che
2107 2158 2133 2182 al
2147 2158 2192 2182 do-

1304 2204 1393 2226 minio
1413 2205 1519 2226 estense
1541 2203 1676 2226 facevano
1698 2201 1742 2225 nel
1764 2201 1908 2233 Frignano
1923 2202 1933 2225 1
1947 2201 2056 2234 signori
2070 2201 2098 2225 di
2112 2200 2192 2225 Mon-

1303 2245 1454 2273 tecuccolo,
1475 2247 1501 2269 ai
1522 2245 1600 2276 quali
1621 2245 1762 2268 cedettero
1791 2251 1862 2275 poco
1882 2245 1957 2275 dopo
1979 2245 1998 2267 il
2028 2243 2145 2268 castello
2164 2243 2193 2267 di

1304 2287 1444 2311 Brandola
1464 2287 1524 2318 (ivi,
1545 2287 1564 2314 Ι,
1579 2285 1633 2318 65).
1646 2286 1668 2309 11
1686 2294 1766 2309 nome
1780 2286 1807 2309 di
1824 2285 1992 2310 Gastaldino
2007 2285 2194 2309 sembrerebbe

1304 2329 1478 2353 confermato
1499 2329 1543 2352 dal
1566 2329 1685 2352 Morano
1700 2328 1749 2351 che
1763 2328 1798 2351 ha
1814 2328 1825 2339 ⁴¹
1839 2327 2030 2351 Guastadinus
2041 2337 2072 2358 „2
2094 2333 2121 2351 se
2136 2334 2192 2351 non

1305 2370 1353 2393 che
1375 2370 1392 2392 il
1414 2369 1580 2393 Tiraboschi
1603 2369 1686 2400 (Dia,
1707 2368 1726 2395 Ι,
1746 2368 1819 2400 349),
1839 2368 1953 2392 citando
1968 2375 2004 2391 un
2025 2368 2194 2392 documento

1306 2412 1348 2435 del
1372 2418 1436 2443 1337
1457 2411 1500 2435 del
1521 2411 1553 2435 R.
1574 2410 1712 2434 Archivio
1732 2410 1759 2434 di
1779 2408 1860 2433 Stato
1880 2410 1907 2433 di
1929 2410 2057 2437 Modena,
2077 2409 2106 2433 lo
2133 2409 2194 2433 dice

1305 2452 1477 2477 Guastarino
1497 2453 1539 2477 del
1563 2454 1590 2477 fu
1618 2451 1763 2477 Gherardo
1783 2452 1817 2476 da
1838 2451 1984 2479 Gombola,
2007 2452 2134 2483 samiglia
2165 2451 2192 2475 di

1307 2498 1382 2519 conti
1404 2497 1431 2519 di
1453 2497 1495 2519 cui
1517 2503 1602 2519 erano
1616 2496 1678 2526 capi
1700 2495 1788 2518 allora
1803 2494 1988 2525 Maghinardo
2003 2494 2036 2518 da
2052 2492 2194 2517 Gombola

1306 2547 1320 2563 e
1340 2538 1508 2562 Gastaldino
1529 2546 1579 2562 suo
1601 2539 1731 2569 cognato.

1394 2579 1404 2595 ⁵
1422 2580 1434 2604 1
1454 2581 1561 2612 signori
1583 2581 1610 2603 di
1634 2579 1845 2609 Montebabbio‚
1860 2578 1975 2602 castello
1996 2578 2070 2603 della
2084 2578 2191 2602 collina

1308 2624 1448 2654 reggiana‚
1468 2630 1516 2646 ora
1536 2622 1659 2647 frazione
1685 2623 1713 2645 di
1740 2621 1943 2649 Castellarano,
1964 2628 2034 2645 sono
2057 2621 2193 2645 ricordati

1309 2667 1370 2688 sino
1390 2665 1435 2689 dal
1459 2664 1525 2697 1296
1544 2673 1557 2688 e
1585 2665 1657 2688 forse
1685 2664 1786 2687 furono
1805 2671 1842 2687 un
1870 2671 1945 2687 ramo
1972 2663 2045 2687 della
2071 2670 2134 2687 casa
2159 2663 2194 2686 da

1308 2707 1463 2739 Fogliano:
1484 2713 1697 2737 consegnarono
1718 2705 1737 2729 il
1759 2705 1875 2729 castello
1896 2712 1910 2728 a
1930 2704 2039 2729 Obizzo
2057 2704 2104 2733 ΠΙ,
2124 2712 2195 2728 tuen·

1308 2751 1349 2773 tre
1368 2750 1457 2780 questi
1472 2749 1496 2773 si
1510 2749 1638 2772 sforzava
1651 2748 1679 2771 di
1695 2748 1876 2778 riacquistarc
1892 2747 1911 2770 il
1926 2746 2054 2771 dominio
2074 2748 2102 2770 di
2122 2745 2193 2778 Reg-

1307 2793 1355 2822 gio
1375 2791 1421 2821 (cf.
1441 2791 1560 2819 Tuus„
1580 2790 1651 2820 Biz„
1664 2789 1697 2818 11,
1721 2788 1772 2820 56).

1393 2831 1404 2847 ⁵
1424 2832 1451 2856 Si
1472 2833 1507 2856 cf.
1530 2833 1557 2855 in
1577 2831 1732 2863 appendice
1755 2831 1775 2854 il
1797 2831 1939 2855 Chrom'con
1955 2831 2098 2862 Frignam',
2118 2832 2194 2854 sotto

1307 2874 1479 2906 quest'anno.
1518 2873 1557 2898 La
1571 2874 1635 2897 data
1649 2873 1692 2897 del
1711 2872 1740 2896 16
1754 2874 1860 2904 giugno
1874 2871 1888 2897 ὲ
1902 2872 1990 2896 anche
2003 2873 2033 2896 ln
2049 2873 2108 2897 Chr.
2125 2873 2192 2903 Est„

1308 2916 1373 2948 413²
1394 2915 1470 2948 fuggi
1493 2917 1527 2940 da
1548 2915 1662 2939 Ferrara
1682 2915 1702 2938 il
1725 2922 1738 2946 5
1760 2916 1875 2946 maggio
1898 2914 1972 2946 1346.

1394 2957 1404 2973 ⁷
1424 2958 1476 2982 Era
1496 2960 1569 2982 stato
1590 2957 1662 2981 fatto
1682 2958 1857 2989 prigioniero
1879 2965 1892 2981 a
1913 2957 2027 2981 Rivalta
2042 2956 2088 2988 (cs.
2104 2964 2128 2989 p.
2146 2962 2193 2988 127

1307 3001 1338 3025 ll.
1357 3001 1440 3033 9·10).

2211 839 2249 869 10

2215 1101 2251 1133 15

2214 1367 2256 1396 20

2224 2128 2256 2153 35

2222 2338 2256 2363 40

2223 2549 2254 2574 45

2223 2757 2257 2783 50

2225 2968 2254 2994 55
