2370 3603
57 834 91 863 10

55 1095 93 1125 15

52 1362 92 1392 ΖΟ

117 241 199 275 [ΑΛ.
222 243 415 275 rme-1221]
855 236 1149 272 APPENDICE
1179 237 1206 271 Ι.
1876 234 1943 273 187

204 357 255 373 ***
270 358 279 373 ¹
305 358 338 388 in
363 358 539 401 M⁰.ccxvj.
563 359 783 391 Innocentius
799 369 888 400 papa
905 358 987 390 obiit
1003 359 1095 400 apud
1111 359 1297 396 Perusiam,
1315 359 1369 390 cui
1385 358 1550 390 successit
1574 357 1746 390 Honorius
1760 358 1808 400 iij.
1826 367 1916 398 papa
1926 356 1947 388 ².

206 408 280 426 ***³
305 410 337 441 in
364 410 552 454 M⁰.ccxvij.
578 410 733 443 transivit
757 421 849 442 mare
873 411 1024 442 maxima
1047 411 1226 443 multitudo
1250 410 1518 443 Christianorum
1543 411 1576 441 in
1599 410 1786 442 subsidium
1819 410 1948 440 Terrae

118 469 256 495 sanctae
281 469 316 495 et
337 464 454 495 habito
478 464 637 505 prudenti
663 463 804 495 consilio
829 464 1015 496 Christiani
1040 474 1116 495 cum
1140 464 1283 495 navibus
1314 463 1454 495 infinitis
1478 474 1554 495 cum
1580 474 1681 494 manu
1705 462 1820 494 valida
1845 463 1950 493 intra-

119 521 241 546 verunt
265 515 425 558 Egiptum
451 516 510 557 [et]
533 516 722 547 Damiatam
748 516 921 548 civitatem
945 516 1204 548 invictissimam
1230 516 1335 548 multo
1360 522 1511 558 tempore
1537 516 1747 548 obsederunt
1759 515 1780 546 ⁴.

203 567 278 586 '**⁵
303 569 339 599 in
364 578 454 600 anno
477 569 613 601 Domini
638 568 841 612 M‘'.ccxviij.
869 580 944 601 cum
969 570 1118 601 audisset
1143 569 1313 602 Soldanus
1337 568 1538 601 Babiloniae
1569 569 1782 601 Christianos
1813 567 1950 599 Damia-

118 626 185 652 ‘tam
209 621 450 653 instantissime
475 621 642 659 obsidere,
667 623 822 663 protinus
847 632 946 665 reges
971 622 1219 654 Saracenorum
1244 621 1286 653 de
1313 621 1400 654 Sitia
1424 628 1458 653 et
1481 621 1611 653 Arabia
1643 627 1676 652 et
1706 621 1848 653 aliarum
1871 630 1950 662 pro—

116 674 304 705 vinciarum
328 676 363 706 in
380 685 476 706 suum
492 675 652 706 auxilium
671 675 876 707 convocavit
893 675 950 716 [et]
967 676 1157 707 exercitum
1176 673 1445 706 Christianorum
1464 674 1556 715 cepit
1571 675 1722 716 undique
1741 683 1950 715 expugnare,

116 733 264 769 excepto
288 728 379 769 quod
403 728 467 759 iter
489 728 636 759 fluminis
659 739 727 759 non
753 734 937 769 potuerunt
961 727 1164 769 prohibere:
1189 728 1331 769 regebat
1355 734 1434 759 tunc
1460 727 1671 759 Christianos
1694 727 1868 769 Johannes
1891 736 1951 757 rex

117 779 420 821 Jerosolimitanus‚
445 781 496 812 vir
519 786 677 812 strenuus
701 788 734 813 et
758 782 869 813 forma
896 791 980 822 prae
1012 781 1090 812 filiis
1122 781 1294 812 hominum
1324 781 1510 822 speciosus,
1542 786 1576 810 et
1608 780 1767 821 magister
1791 778 1951 820 Pelagius

116 831 267 865 Sanctae
290 834 470 865 Romanae
495 834 664 866 ecclesiae
689 834 885 866 cardinalis.
909 834 953 865 Et
977 844 1064 865 anno
1088 833 1214 866 Christi
1241 833 1460 874 M⁰.ccxviiij.
1483 839 1560 874 post
1584 833 1719 875 longam
1745 838 1779 863 et
1804 831 1950 863 laborio-

115 895 185 917 sam
211 885 422 918 obsidionem
448 888 620 918 exercitus
643 887 914 920 Christianorum
939 887 1085 918 obtinuit
1107 886 1309 922 Damiatam,
1334 895 1422 928 quae
1446 892 1497 916 est
1519 886 1553 916 in
1570 885 1695 927 Egipto
1711 895 1812 926 super
1828 884 1952 915 fluenta

117 948 203 979 quae
229 949 248 969 a
270 938 382 970 Moise
407 939 506 971 Geon
530 940 564 971 in
590 943 598 956 ‘
613 939 763 972 Genesi’
788 940 1003 981 appellantur
1016 938 1038 969 ⁵.
1901 942 1905 945 '

202 989 252 1007 *²⁸*
266 991 276 1007 ⁷
303 991 466 1024 M⁰.ccxx.
491 993 689 1025 Fridericus
711 1003 771 1026 rex
797 992 967 1024 secundus
991 991 1132 1023 Siciliae
1158 997 1191 1022 et
1214 990 1371 1032 Apuleae
1389 990 1448 1031 [et]
1465 991 1534 1022 dux
1553 991 1713 1028 Suaviae,
1738 989 1953 1022 descendens

116 1044 160 1076 de
177 1042 357 1076 Alemania
379 1045 442 1076 ivit
466 1045 612 1078 Romam
635 1051 670 1077 et
692 1045 739 1077 ibi
763 1045 900 1087 accepit
923 1054 1084 1076 coronam
1108 1043 1242 1085 imperii
1266 1055 1285 1075 a
1308 1054 1398 1085 papa
1423 1043 1576 1074 Honorio
1599 1043 1633 1074 in
1657 1042 1712 1074 die
1736 1042 1856 1074 beatae
1888 1042 1953 1073 Ce-

119 1095 236 1129 ciliae:
252 1096 263 1113 ⁸
289 1097 425 1128 demum
450 1096 589 1129 intravit
611 1108 755 1140 regnum
779 1097 935 1139 Apuleae
959 1102 994 1128 et
1019 1096 1213 1128 interfectis
1237 1102 1270 1127 et
1295 1095 1445 1137 expulsis
1462 1095 1648 1128 rebellibus
1671 1096 1779 1137 ipsum
1796 1093 1858 1126 sibi
1876 1094 1953 1126 feli-

119 1147 206 1180 citer
228 1149 431 1192 subiugavit.
455 1149 534 1191 Ipse
557 1150 601 1182 de
625 1150 795 1182 montibus
819 1150 962 1182 Siciliae
984 1160 1047 1191 per
1069 1149 1190 1193 gravia
1214 1149 1380 1181 bellorum
1406 1148 1562 1190 pericula
1577 1149 1739 1190 deposuit
1762 1148 1954 1180 Saracenos

115 1200 174 1242 [et]
197 1202 412 1234 transferens
436 1214 495 1235 eos
517 1204 552 1234 in
578 1202 746 1244 Apuleam
771 1203 857 1234 fecit
879 1213 938 1235 eos
959 1203 995 1234 in
1020 1203 1158 1234 civitate
1183 1202 1355 1234 Nuceriae
1379 1202 1572 1233 comuniter
1587 1201 1741 1233 habitare
1756 1200 1777 1232 ⁹.

201 1252 251 1270 *³⁴*
268 1254 292 1270 ¹⁰
317 1254 351 1286 in
376 1255 553 1297 M⁰.ccxx]‘.
578 1266 654 1287 cum
680 1255 850 1287 exercitus
873 1255 1141 1287 Christianorum
1176 1255 1218 1286 ad
1251 1255 1444 1296 superiores
1476 1260 1590 1295 partes
1614 1254 1729 1296 Egipti
1756 1264 1953 1296 expugnan-

117 1307 178 1339 das
202 1307 372 1345 transiret,
398 1308 627 1341 inundacione
652 1308 721 1339 Nili
746 1308 892 1340 fluminis
916 1313 967 1340 est
990 1307 1103 1340 subito
1127 1307 1372 1339 circumfusus:
1398 1317 1544 1348 cumque
1572 1307 1755 1339 Christiani
1783 1317 1846 1338 nec
1875 1317 1953 1347 pro-

118 1361 243 1393 cedere
268 1371 333 1393 nec
356 1361 470 1393 redire
495 1362 657 1399 valerent,
684 1362 779 1403 aquis
802 1368 837 1394 et
860 1361 1014 1393 exercitu
1039 1361 1290 1394 Saracenorum
1314 1360 1466 1401 undique
1492 1360 1720 1401 circumsepti,
1745 1359 1855 1391 coacti
1879 1365 1956 1391 sunt

117 1423 180 1454 pro
202 1414 450 1455 redempcione
475 1425 534 1446 sua
558 1415 706 1446 reddere
731 1414 921 1446 Damiatam
946 1414 1130 1450 civitatem,
1155 1414 1351 1455 dimissique
1376 1425 1395 1444 a
1420 1414 1600 1445 Saracenis
1634 1413 1679 1445 ad
1714 1413 1852 1454 propria
1878 1423 1952 1444 cum

113 1466 255 1499 tristicia
278 1477 403 1509 magna
426 1474 502 1499 sunt
526 1467 655 1499 reversi
672 1467 707 1498 ¹¹.
733 1467 777 1498 Et
795 1466 983 1508 M⁰.ccxxij.
1001 1466 1158 1508 apparuit
1175 1473 1312 1498 cometa
1328 1466 1371 1498 de
1389 1476 1504 1498 mense
1522 1465 1728 1507 septembris
1744 1474 1778 1497 et
1795 1467 1952 1507 sequenti

117 1525 272 1561 tempore
295 1519 477 1562 Philippus
500 1520 676 1562 Augustus
701 1531 762 1551 rex
785 1518 967 1556 Franciae.
992 1520 1048 1561 qui
1080 1520 1220 1551 multum
1245 1529 1308 1560 pro
1332 1519 1491 1551 Ecclesia
1517 1518 1684 1550 laboravit
1708 1524 1826 1550 contra
1851 1518 1956 1550 comi-

209 1716 231 1733 Ι.
248 1711 276 1733 ln
294 1704 361 1740 1'316
381 1709 403 1732 A
420 1722 426 1726 -
442 1709 517 1733 Inoc.
531 1709 554 1732 A
570 1721 577 1725 —
593 1709 724 1740 perusina
743 1708 794 1735 A.;
815 1707 960 1732 Petusium
983 1708 1043 1732 Chr.
1066 1709 1124 1732 Est.
1143 1720 1151 1725 ·
1170 1708 1273 1731 sucesit
1293 1708 1365 1731 Hon.
1385 1714 1398 1737 3
1419 1707 1442 1730 A
1466 1720 1494 1723 —
1518 1714 1539 1730 2.
1560 1707 1589 1729 In
1615 1714 1678 1739 1317
1701 1708 1724 1730 A
1744 1721 1773 1724 —
1796 1715 1818 1738 3.
1841 1708 1956 1739 pruden-

121 1754 179 1775 tum
202 1752 262 1776 Chr.
284 1751 342 1774 Est.
364 1764 372 1768 -
394 1752 422 1774 in
443 1757 526 1774 manu
549 1751 610 1774 Chr.
630 1751 689 1774 Est.
711 1763 740 1766 k
762 1757 786 1780 4.
806 1752 833 1773 et
853 1750 866 1773 ξ’
885 1750 911 1773 iu
933 1750 995 1774 chr.
1017 1750 1075 1773 Est.
1098 1762 1104 1766 -
1120 1749 1294 1773 invitiss.ma
1309 1749 1347 1777 A;
1363 1748 1582 1772 munitissimam
1597 1750 1657 1773 Chr.
1675 1749 1732 1772 Esl.
1752 1761 1784 1766 --
1805 1754 1826 1779 5.
1850 1749 1916 1772 1218
1935 1748 1957 1771 A

119 1807 128 1812 -
149 1792 260 1818 audinet
279 1793 328 1821 A.;
348 1793 466 1816 vidisset
487 1793 548 1817 Chr.
568 1793 628 1816 Est.
647 1806 679 1810 —
699 1791 723 1816 6.
743 1798 791 1824 per
812 1798 883 1815 unus
902 1791 940 1819 A;
961 1791 1092 1824 protinus
1115 1790 1174 1815 Chr.
1196 1792 1254 1815 Est.
1277 1804 1307 1808 -—
1329 1795 1351 1820 7.
1371 1793 1399 1814 et
1419 1791 1432 1814 ὲ
1452 1791 1477 1814 in
1499 1791 1558 1815 Chr.
1581 1791 1639 1814 Est.
1659 1803 1667 1808 -
1689 1791 1812 1820 undique
1835 1790 1958 1814 viriliter

121 1837 286 1867 impugnare
307 1835 367 1859 Chr.
388 1836 447 1860 Est.
467 1848 498 1852 —
520 1833 543 1858 8.
563 1834 665 1858 fluvius
685 1835 726 1861 A;
747 1833 869 1858 fluminis
891 1834 953 1859 Chr.
974 1834 1031 1857 Est.
1053 1846 1061 1851 ·
1076 1833 1168 1866 proib.
1182 1834 1206 1857 A
1220 1846 1230 1851 -
1246 1833 1363 1857 Iouanes
1384 1834 1407 1856 A
1421 1846 1453 1850 —
1478 1839 1516 1857 10.
1535 1834 1614 1856 sante
1633 1834 1657 1856 A
1683 1846 1687 1849 -
1711 1839 1777 1864 1319
1797 1835 1911 1855 (σιντ-’,ὀ
1932 1832 1957 1854 in

73 1883 85 1908 5
123 1884 189 1909 1219
208 1877 232 1900 A
253 1891 284 1894 —
306 1883 394 1901 10-11.
415 1877 575 1900 laborosam
595 1877 619 1900 A
641 1890 671 1894 —
696 1883 734 1900 11.
756 1876 927 1907 suplimenta
948 1883 999 1906 que
1020 1883 1033 1899 a
1054 1876 1142 1899 moise
1160 1875 1226 1899 Ieou
1247 1876 1286 1903 A;
1307 1881 1388 1908 super
1407 1875 1511 1898 fluenta
1529 1875 1600 1904 Nili,
1616 1875 1664 1906 qui
1679 1882 1693 1898 a
1707 1874 1804 1906 Moyse
1824 1874 1905 1898 Geon
1927 1874 1955 1896 in

121 1919 228 1943 Genexi
256 1919 415 1951 appellatur
444 1919 505 1943 Chr.
526 1919 584 1943 Est.
606 1932 637 1936 -
662 1925 701 1950 13.
722 1924 789 1950 1320
807 1917 940 1942 Fedricus
959 1918 982 1941 A
1001 1931 1011 1936 -
1032 1918 1088 1941 dux
1109 1926 1123 1941 a
1143 1917 1283 1942 Sabaudia
1304 1917 1438 1941 desendes
1457 1917 1497 1944 A;
1519 1917 1575 1940 dux
1596 1916 1698 1940 Suavie
1723 1917 1868 1940 dessendes
1896 1917 1956 1941 Chr.

122 1962 178 1986 Est.
200 1975 220 1978 -
256 1968 294 1993 14.
308 1963 336 1985 et
350 1961 389 1984 ibi
402 1961 550 1992 acepitA:
564 1963 592 1985 et
605 1961 650 1984 die
671 1961 742 1984 xviii
764 1961 866 1984 mensis
888 1960 971 1984 madii
992 1960 1102 1991 accepIt
1122 1960 1181 1984 Chr.
1205 1960 1263 1983 Est.
1284 1973 1314 1976 -
1339 1964 1376 1989 ις.
1397 1958 1512 1990 deinde]
1531 1958 1640 1982 demum
1663 1960 1722 1983 Chr.
1744 1959 1801 1982 Est.
1816 1971 1826 1976 -
1842 1957 1955 1982 rebelli]y

121 2004 144 2027 A
167 2016 198 2020 —
222 2003 261 2027 16.
281 2004 445 2035 subiugavit
464 2010 551 2036 prope
564 2003 598 2027 de
611 2003 730 2027 montib’
750 2003 843 2026 sicilie
863 2010 879 2034 p
900 2002 1032 2033 (coll'asttz
1053 2001 1185 2033 tagliala)
1204 2009 1289 2033 grana
1311 2002 1409 2025 bellor'
1429 2002 1539 2033 piacula
1558 2001 1596 2025 A:
1615 2000 1676 2032 Ipse
1696 2001 1728 2024 de
1749 2001 1891 2024 montibus
1904 1999 1957 2023 Sic.

120 2046 267 2078 pergravia
292 2046 390 2069 bellor.
411 2046 535 2077 pericula
555 2045 693 2076 depoxuit
712 2045 876 2073 Saracenos,
899 2045 960 2069 Chr.
981 2045 1038 2068 Est.
1062 2057 1091 2061 —
1115 2043 1153 2068 18.
1174 2045 1202 2067 in
1234 2050 1296 2067 1:21
1321 2044 1342 2067 A
1374 2058 1392 2060 -
1416 2050 1455 2066 20.
1477 2051 1525 2067 nec
1546 2044 1638 2066 redere
1658 2043 1696 2070 A:
1718 2050 1766 2066 nec
1786 2043 1876 2066 redire
1898 2043 1958 2066 Chr.

61 2095 91 2111 to
122 2088 189 2116 Est.⁷
210 2088 339 2119 maforse
359 2088 515 2119 l’ortgz'nale
538 2092 638 2118 poteva
665 2095 747 2112 avere
770 2087 895 2111 recedere
927 2101 943 2103 *
970 2093 1013 2113 ΖΙ,
1032 2086 1251 2119 prodempcione
1271 2094 1319 2109 sua
1340 2087 1429 2109 redire
1447 2086 1484 2111 A:
1500 2093 1550 2118 pro
1565 2084 1759 2116 redemptione
1778 2091 1826 2108 sua
1848 2084 1958 2108 reddere

121 2128 185 2153 Chr.
206 2130 264 2153 Est.
285 2142 295 2147 -
315 2128 493 2160 dimissique]
513 2129 563 2154 cosi
580 2130 640 2154 Chr.
656 2130 713 2153 Est.
727 2139 732 2155 ι
747 2130 926 2160 dimissisque
940 2130 962 2152 A
983 2141 1012 2145 —
1034 2134 1076 2152 22.
1095 2129 1122 2152 et
1145 2134 1207 2151 122:
1230 2129 1263 2152 A.
1284 2136 1324 2151 »ua
1344 2129 1371 2151 la
1392 2132 1466 2151 terta
1485 2127 1559 2159 czsfra
1579 2128 1592 2149 ὲ
1611 2128 1666 2150 mal
1683 2128 1786 2150 sicum.-
1805 2129 1876 2149 cerlo
1892 2126 1958 2155 pers.

121 2172 150 2194 Ia
169 2175 268 2195 cometa
287 2174 409 2201 apparve
428 2173 473 2195 nel
489 2177 561 2201 1222,
587 2172 659 2196 circa
680 2173 751 2195 nella
765 2172 843 2203 festa
868 2171 898 2194 di
915 2179 962 2194 sau
988 2171 1109 2201 Michele,
1131 2177 1164 2201 29
1182 2170 1322 2193 settembre
1347 2170 1410 2201 (nst.
1431 2169 1586 2192 Giovsxxl
1608 2175 1644 2191 DA
1658 2167 1804 2192 BAzzAxo.
1819 2172 1848 2198 p.
1867 2175 1910 2197 14.
1930 2168 1956 2190 Il.

122 2212 181 2243 5-6)
203 2226 231 2229 —-
256 2219 294 2244 23.
316 2211 478 2236 Ludovicus
499 2220 546 2236 rex
566 2213 684 2236 Francie
701 2212 746 2239 A.;
768 2212 916 2243 Lodoycus
930 2220 978 2235 rex
992 2212 1163 2235 Francorum
1180 2213 1240 2235 Chr.
1256 2212 1312 2234 list.

208 2316 216 2332 ¹
238 2317 337 2342 Manca
359 2319 378 2341 il
402 2326 482 2342 nome
503 2318 546 2342 del
567 2317 683 2350 podestix
704 2319 747 2342 del
775 2317 854 2342 1216:
881 2319 916 2341 cs.
946 2318 1009 2340 Chr.
1067 2320 1160 2342 morto
1180 2319 1226 2351 poi
1254 2325 1268 2341 a
1295 2318 1504 2341 Montecassino
1526 2317 1569 2340 nel
1593 2323 1659 2347 1240
1685 2316 1791 2346 (GAMs,
1814 2323 1838 2348 p.
1860 2315 1956 2341 xxm.

63 2361 89 2386 15
121 2360 164 2383 del
185 2359 316 2383 Bazzano
337 2367 361 2390 p.
386 2367 413 2383 12
436 2361 502 2384 note
526 2367 535 2383 1
556 2367 571 2384 e
590 2366 612 2383 2.
1066 2361 1106 2384 Re
1126 2361 1155 2384 di
1175 2359 1383 2384 Gerusalemme
1405 2367 1450 2383 era
1477 2358 1624 2382 Giovanni
1652 2358 1679 2381 di
1708 2358 1836 2387 Bstenne,
1865 2359 1956 2382 morto

206 2398 218 2416 ⁹
236 2400 275 2424 Le
293 2402 379 2425 stesse
400 2402 495 2433 parole
514 2401 544 2433 [l.
567 2409 597 2425 1:
617 2401 813 2425 innocentius..
827 2400 925 2432 ,ῥαφῇ
940 2408 1010 2425 sono
1066 2404 1111 2433 poi
1135 2402 1179 2426 nel
1203 2408 1277 2434 1237.

121 2442 168 2465 nel
195 2442 257 2467 Chr.
283 2443 349 2472 Est„
377 2450 403 2474 p.
431 2449 470 2469 10,
497 2443 515 2466 l.
544 2449 584 2466 11.
622 2442 783 2466 Innocenzo
803 2442 843 2466 ΙΙΙ
862 2440 934 2466 rnori
954 2442 974 2464 il
994 2442 1010 2465 6
1152 2442 1162 2458 Ἴ
1183 2443 1283 2467 Manca
1305 2444 1325 2467 il
1346 2450 1428 2467 nome
1455 2444 1499 2466 del
1526 2442 1644 2473 podestir
1669 2442 1712 2466 del
1736 2447 1810 2471 1220,
1835 2442 1872 2465 cf.
1893 2441 1956 2466 Chr.

121 2483 227 2515 iugum
247 2482 358 2508 Onor10
377 2483 416 2507 111
436 2484 466 2507 fu
485 2485 571 2508 eletto
593 2485 612 2507 il
635 2492 648 2516 7
669 2485 761 2516 luglio
783 2484 857 2508 1216.
1066 2487 1109 2509 del
1130 2486 1267 2515 Bazzano,
1287 2493 1314 2518 p.
1336 2492 1374 2517 13.
1396 2488 1462 2509 nota
1482 2484 1505 2508 8.

209 2523 221 2540 3
239 2525 339 2549 Manca
361 2525 379 2548 il
401 2533 483 2549 nome
503 2526 546 2549 del
568 2524 684 2558 podesta
705 2526 748 2549 del
772 2532 846 2557 1217.
867 2526 907 2549 sul
929 2526 1010 2556 quale
1151 2525 1163 2543 ⁸
1183 2533 1214 2551 22
1235 2527 1386 2551 novembre
1403 2533 1477 2550 1220.
1515 2526 1554 2550 La
1570 2526 1679 2550 notizia
1694 2526 1722 2550 fu
1738 2525 1805 2550 data
1819 2526 1906 2549 anche
1922 2525 1955 2548 da

62 2569 94 2585 20
121 2567 145 2589 si
165 2567 234 2590 vecla
255 2566 319 2591 Chr.
339 2567 382 2590 del
402 2567 540 2593 Bazzano.
564 2575 589 2598 p.
614 2573 652 2594 η,
675 2569 743 2591 nota
763 2573 786 2597 3.
1066 2569 1211 2593 Giovanni
1233 2570 1268 2593 da
1287 2569 1424 2597 Bazzano,
1443 2576 1470 2601 p.
1499 2576 1537 2600 13»
1558 2569 1575 2592 l.
1605 2573 1644 2594 12.
1669 2576 1712 2591 ma
1739 2568 1915 2599 attingendo,
1942 2576 1956 2590 a

208 2607 219 2623 ⁴¹
237 2606 346 2635 Questo
371 2616 453 2640 passo
474 2608 515 2639 [ll.
538 2617 598 2640 2-4:
618 2609 757 2633 transivit.
771 2628 792 2632 ..
813 2608 977 2640 obsederunt]
997 2608 1011 2632 ‘e
1066 2613 1173 2642 quanto
1193 2618 1268 2643 pare,
1287 2610 1334 2634 dal
1355 2618 1437 2642 passo
1461 2611 1511 2634 che
1541 2617 1623 2640 segue
1651 2610 1724 2633 nelle
1752 2610 1781 2633 ll.
1809 2608 1855 2641 5-6·
1883 2608 1955 2632 della

122 2650 245 2680 ripetuto
268 2650 311 2673 nel
334 2650 394 2674 Chr.
417 2651 483 2680 Est.⁷
505 2659 530 2682 p.
555 2657 593 2679 10,
613 2651 643 2674 ll.
666 2657 754 2680 12-15.
1067 2659 1092 2682 p.
1116 2650 1172 2679 188,
1199 2651 1244 2674 nel
1264 2651 1346 2681 quale
1367 2650 1394 2674 la
1414 2651 1562 2673 medesima
1584 2649 1689 2673 notizia
1710 2648 1724 2673 'e
1744 2650 1876 2681 ripetuta.
1897 2647 1955 2672 Csr.

208 2690 218 2705 ⁵
237 2691 339 2716 Manca
358 2693 379 2715 il
401 2700 482 2716 nome
502 2693 547 2716 dei
567 2691 683 2724 podest&
699 2692 742 2715 dcl
761 2692 826 2716 1218
840 2699 854 2715 e
868 2692 911 2715 del
930 2698 1009 2720 121qz
1066 2693 1197 2716 hirson..
1219 2701 1243 2725 p.
1266 2692 1347 2716 LXX.
1369 2692 1398 2715 ll.
1420 2697 1512 2723 31-35.

121 2733 162 2756 sui
189 2732 264 2763 quali
286 2733 319 2755 vs.
344 2732 405 2756 Chr.
427 2733 469 2756 del
492 2733 630 2758 Bazzsno.
651 2741 675 2764 p.
701 2739 738 2756 η,
761 2736 827 2755 nota
848 2740 863 2763 9
889 2740 903 2756 e
924 2740 948 2763 p.
973 2739 1010 2763 13.
1154 2733 1164 2748 9
1184 2734 1292 2761 Questo
1312 2736 1400 2758 tratto
1420 2734 1463 2757 del
1487 2740 1555 2756 1220
1574 2732 1616 2764 [ll.
1640 2740 1730 2764 ¹3·17²
1754 2732 1957 2756 fridericus...

62 2778 90 2801 23
121 2774 191 2796 nota
211 2781 233 2805 3-
1067 2775 1196 2807 habitare]
1224 2775 1237 2799 ὲ
1263 2783 1315 2799 con
1343 2776 1368 2798 le
1395 2778 1479 2798 stesse
1507 2775 1602 2807 parole
1631 2775 1673 2798 nel
1702 2774 1760 2798 Chr.
1783 2775 1851 2803 Est„
1870 2782 1896 2806 p.
1920 2780 1957 2803 ιο,

208 2813 219 2828 ‘³
238 2815 325 2838 'furto
353 2818 450 2846 questo
477 2819 566 2840 tratto
593 2815 634 2847 [ll.
664 2822 742 2845 3-12:
768 2824 825 2839 cum
844 2817 1010 2839 audisset...
1068 2819 1097 2841 ll,
1120 2817 1209 2849 28-32.

118 2855 299 2888 appellantur]
327 2856 341 2880 ὲ
369 2859 493 2890 ripetuto
520 2865 572 2882 von
601 2859 743 2882 identiche
765 2859 862 2890 parole
884 2859 928 2882 nel
951 2860 1011 2882 Chr.
1156 2858 1177 2874 ¹⁰
1196 2859 1293 2883 Manca
1317 2859 1335 2882 il
1359 2866 1440 2882 nome
1460 2859 1503 2882 del
1525 2857 1642 2891 podesta
1667 2859 1711 2882 del
1737 2865 1814 2885 1221:
1835 2858 1871 2882 cf.
1895 2857 1956 2881 Chr.

123 2898 188 2928 Est„
210 2905 234 2929 p.
259 2904 298 2924 10.
320 2899 348 2922 ll.
372 2898 456 2929 16-25.
496 2900 558 2923 Non
579 2898 626 2931 gifz
647 2900 691 2923 nel
718 2900 819 2928 Genesi,
841 2907 883 2923 ma
905 2900 949 2923 nel
965 2901 1018 2924 lll
1068 2901 1111 2924 del
1132 2901 1266 2929 Bazzano,
1286 2908 1312 2932 p.
1336 2907 1374 2932 14,
1394 2903 1464 2924 nota
1487 2907 1507 2923 1.

123 2940 236 2971 Regum,
257 2940 275 2967 Ι,
303 2947 349 2971 345
372 2940 490 2965 “ducite
510 2949 571 2965 eum
591 2942 621 2965 in
643 2940 759 2965 Ghihon
826 2942 848 2965 Il
869 2942 1012 2966 cardinale
1155 2941 1172 2957 Η
1191 2941 1298 2969 Questo
1312 2942 1400 2966 brano
1417 2940 1459 2973 [11.
1483 2942 1558 2966 18-22
1572 2950 1577 2964 r
1591 2949 1650 2964 cum
1662 2942 1832 2964 exercitu...
1847 2940 1957 2972 reversi}

61 2988 94 3011 30
121 2982 215 3012 legato
229 2981 346 3013 Pelagio
361 2981 492 3006 Galvano
507 2984 683 3015 portoghese.
700 2990 818 3006 vescovo
840 2984 866 3006 di
889 2983 1011 3010 Albano,
1067 2983 1080 3005 ὲ
1102 2985 1146 3007 nel
1169 2984 1228 3007 Chr.
1252 2984 1318 3009 Est..
1340 2990 1364 3015 p.
1388 2990 1426 3006 Η.
1449 2983 1477 3006 ll.
1499 2989 1551 3014 2-5.

1987 2698 2020 2720 40
