2370 3603
71 834 107 864 10

61 1362 102 1392 20

59 2116 90 2133 10

53 2538 86 2556 20

48 2957 82 2980 30

141 244 222 277 (AA.
246 246 433 277 1357-13581
758 238 1021 274 IOHANNIS
1050 238 1119 273 DE
1148 238 1368 273 BAZANO

144 312 1970 322 .........................................................................................................................................................................................................

139 361 289 393 exercitu
322 361 427 402 an[te]
458 371 606 404 pugnam
638 360 795 392 dominus
819 361 992 393 Gerardus
1016 362 1059 393 de
1082 360 1317 403 Rangonibus,
1343 360 1501 392 dominus
1524 359 1676 403 yCinellus
1699 359 1742 390 de
1767 358 1974 400 SavignanQ

137 413 292 445 dominus
315 414 557 446 Manfredinus
580 413 623 446 de
655 413 801 451 Sassolo,
835 414 991 446 dominus
1015 414 1220 446 Tomasinus
1236 414 1281 445 de
1302 412 1513 445 Grasonibus
1536 418 1571 444 et
1594 412 1662 444 duo
1686 411 1747 443 filii
1770 408 1973 452 Capitanei¹

137 465 275 497 fuerunt
291 467 403 497 aureis
420 465 609 498 calcaribus
625 471 658 497 et
674 465 811 496 militari
828 466 967 509 cingulo
985 466 1150 497 decorati.
1174 466 1278 497 Dicto
1294 465 1472 497 millesimo
1490 464 1545 496 die
1562 464 1646 506 xxiij
1673 462 1866 495 decembris
1889 461 1974 494 civi-

138 523 188 548 tas
211 518 345 562 Cadrae
363 525 508 560 accepta
526 517 590 549 fuit
607 517 750 549 Venetis
766 524 798 549 et
817 519 897 550 data
912 518 1005 561 genti
1022 518 1114 561 regis
1130 518 1315 560 Ungafiae,
1333 518 1390 559 qui
1407 517 1534 548 dictam
1552 517 1723 548 civitatem
1741 516 1876 559 §jadrae
1897 524 1975 546 cum

134 576 235 613 gente
252 581 311 602 sua
327 572 453 603 acriter
469 570 659 607 obsidebat,
677 570 713 601 in
737 581 880 612 quorum
906 571 1109 612 prodicione
1133 571 1226 602 multi
1251 570 1294 602 de
1320 571 1446 612 populo
1470 570 1585 612 gladio
1609 569 1793 611 perierunt,
1825 573 1926 610 prout
1955 578 1975 599 a

136 622 320 664 no[vi]tatis
343 623 532 664 lato[ribus]
555 623 796 657 narrabatur²z
822 624 913 666 quod
938 634 1062 655 novum
1087 624 1227 655 relatum
1252 629 1285 654 et
1301 622 1511 665 publicatum
1529 623 1593 654 fuit
1616 622 1650 653 in
1667 622 1802 654 civitate
1818 620 1974 652 Mutinae

135 675 190 706 die
204 676 379 708 dominico
398 676 514 707 ultimo
532 675 729 707 decembris
746 686 835 707 anno
853 676 990 707 Domini
1008 676 1113 708 nostri
1131 677 1207 708 Iesu
1225 675 1353 707 Christi
1378 675 1566 717 M.ccclvii]‘
1585 674 1720 706 noviter
1736 672 1938 715 prolabente
1951 671 1973 703 ³.

222 727 324 760 Anno
348 728 500 769 [Domini
525 728 631 760 nostri
656 729 750 770 Jesu]
769 729 897 761 Christi
921 729 1107 771 M.ccclviij
1127 729 1300 760 indicione
1317 728 1500 760 undecima
1516 728 1572 759 die
1597 728 1714 759 martis
1730 726 1811 768 xxiij
1829 724 1975 757 ianuarii

133 792 263 813 summo
277 792 373 813 mane
398 781 611 813 Mutinenses
628 781 670 813 de
697 781 802 822 portis
820 781 975 813 Albareti
995 787 1027 813 et
1044 782 1230 824 Bacuariae
1249 791 1325 812 cum
1343 780 1500 812 omnibus
1515 779 1747 822 stipendiariis
1762 778 1974 821 equestribus

133 840 165 864 et
177 833 391 875 pedestribus
402 834 640 876 equitaverunt
658 834 691 865 in
706 834 875 866 territorio
889 834 1139 877 Campigaliani
1154 834 1189 865 in
1203 835 1280 866 loco
1294 834 1388 865 dicto
1406 836 1414 850 ‘
1424 832 1609 875 Maiagallo
1624 832 1630 843 ⁹
1644 832 1665 870 ⁴,
1683 832 1739 865 ubi
1755 832 1867 864 adhuc
1881 831 1976 863 iuxta

132 886 255 917 flumen
280 886 410 918 Situlae
436 887 604 929 quaedam
630 887 752 918 foveae
778 886 934 928 [bastiae]
959 886 1028 918 sive
1052 887 1237 918 fortiliciae
1263 887 1502 923 cernebantur,
1521 892 1554 917 et
1579 885 1673 917 circa
1696 886 1815 916 horam
1830 883 1971 916 terciam

132 939 214 970 dicti
238 939 319 976 diei,
344 939 459 970 ultima
484 940 556 971 fase
579 938 725 981 Aquarii
748 940 970 976 ascendente,
995 946 1028 971 et
1053 945 1125 971 erat
1148 939 1205 981 xij.
1224 939 1355 971 dierum
1372 944 1405 971 et
1423 950 1479 970 xv.
1496 939 1657 970 horarum
1674 943 1707 969 et
1723 937 1760 968 in
1776 937 1844 979 xiiij
1863 936 1974 979 gradu

134 991 269 1026 Cancri.
284 992 409 1024 dictam
428 992 626 1024 fortiliciam
645 992 715 1023 sive
734 992 876 1024 bastiam
894 992 1017 1024 fodere
1035 999 1068 1024 et
1084 992 1200 1024 facere
1218 997 1386 1033 ceperunt
1403 997 1522 1023 contra
1539 998 1687 1023 castrum
1705 990 1807 1032 Carpi
1824 996 1858 1022 et
1874 988 1976 1021 Cam-

130 1044 304 1088 pigaliani‚
329 1055 415 1086 quae
442 1050 550 1076 castra
576 1044 712 1076 comuni
727 1044 882 1076 Mutinae
900 1051 934 1076 et
951 1045 1088 1076 domino
1106 1043 1303 1076 Marchioni
1320 1044 1447 1076 acriter
1463 1043 1675 1076 revellabant
1689 1042 1710 1075 ⁵.
1760 1041 1872 1074 'Dicto
1895 1041 1972 1073 mil-

130 1150 254 1187 diolae‚
267 1151 375 1181 frater
388 1149 546 1182 Andreas
560 1151 603 1181 de
616 1150 784 1182 Faventia
795 1150 890 1192 prior
904 1156 1094 1182 conventus
1109 1150 1245 1182 Stratae
1258 1149 1400 1181 maioris
1412 1149 1589 1181 Bononiae
1603 1155 1637 1180 et
1648 1149 1755 1180 frater
1768 1147 1972 1181 Franciscus

129 1203 172 1234 de
196 1203 362 1234 Mirasole
385 1203 481 1244 prior
504 1209 692 1235 conventus
716 1203 835 1235 Sancti
860 1203 959 1234 Iosefi
984 1203 1027 1234 de
1054 1203 1219 1240 Bononia,
1251 1212 1369 1234 omnes
1401 1202 1443 1234 de
1476 1202 1598 1234 ordine
1630 1202 1773 1233 fratrum
1797 1209 1974 1232 servorum

130 1255 254 1287 Sancte
272 1256 414 1292 Mariae,
431 1262 598 1287 venerunt
615 1256 661 1287 ad
676 1256 946 1297 praedicandam
961 1265 1098 1287 crucem
1112 1261 1232 1288 contra
1245 1256 1272 1287 F
1274 1255 1466 1287 ranciscum
1481 1255 1524 1286 de
1542 1253 1712 1286 Ordelafis
1729 1254 1773 1285 de
1789 1253 1817 1285 F
1820 1252 1939 1285 orlivio
1951 1252 1973 1291 ⁸,

129 1308 188 1350 qui
212 1309 338 1340 dictam
365 1309 536 1340 civitatem
560 1309 702 1341 Forlivii
720 1314 841 1340 contra
856 1309 1067 1341 voluntatem
1085 1309 1205 1340 summi
1221 1308 1398 1340 Pontificis
1414 1314 1448 1340 et
1465 1307 1580 1339 matris
1596 1306 1777 1339 Ecclesiae
1793 1305 1972 1343 retinebat,

126 1362 337 1393 remittentes
362 1372 484 1404 penam
503 1368 536 1392 et
553 1362 689 1403 culpam
714 1361 863 1393 omnium
880 1368 1110 1403 peccatorum,
1129 1361 1281 1403 exceptis
1298 1367 1442 1402 quatuor
1459 1360 1603 1398 casibuS,
1621 1359 1787 1401 [cuilibet]
1804 1358 1861 1401 qui
1877 1369 1971 1389 suam

127 1415 312 1446 secundum
337 1415 532 1446 facultatem
557 1414 605 1445 eis
628 1414 810 1455 pecuniam
834 1413 1013 1451 tribuebat,
1038 1419 1072 1445 et
1097 1414 1205 1446 eciam
1221 1425 1242 1445 a
1258 1413 1344 1445 male
1362 1412 1484 1445 ablatis
1499 1412 1640 1444 incertis
1655 1422 1719 1454 pro
1736 1417 1858 1454 quarta
1873 1417 1970 1452 parte

126 1477 243 1499 omnes
267 1468 418 1499 totaliter
440 1467 674 1504 absolvebant,
699 1472 733 1498 et
757 1477 893 1498 crucem
918 1467 1023 1508 panni
1040 1466 1137 1498 rubei
1155 1466 1192 1497 in
1209 1467 1349 1498 humero
1367 1466 1486 1498 dextro
1504 1465 1661 1497 omnibus
1678 1464 1918 1506 imponebant3
1936 1469 1970 1495 et

126 1520 191 1552 hoc
205 1520 379 1552 faciebant
396 1520 514 1562 vigore
533 1519 733 1560 cui[us]dam
748 1519 921 1562 privilegii
939 1519 1092 1551 concessi
1108 1530 1171 1560 per
1187 1519 1349 1561 Egidium
1366 1518 1586 1551 Cardinalem
1600 1524 1633 1549 et
1655 1517 1823 1560 Legatum
1846 1516 1969 1548 summi

125 1572 303 1604 Pontificis
320 1573 354 1604 in
372 1572 527 1614 partibus
544 1572 797 1604 Romandiolae
810 1571 832 1609 ⁷3
851 1572 908 1614 qui
926 1572 1069 1614 Egidius
1083 1573 1151 1604 hoc
1168 1571 1318 1604 habebat
1334 1583 1353 1602 a
1366 1581 1496 1603 summo
1513 1570 1693 1607 Pontifice,
1718 1576 1755 1601 ut
1778 1568 1966 1606 dicebatur,

216 1692 237 1709 1.
257 1684 333 1716 ante]
352 1686 381 1710 et
400 1685 486 1713 MUR.,
508 1686 567 1710 Cr.:
586 1686 693 1716 integro
711 1685 765 1709 l‘an
785 1684 815 1708 di
837 1684 869 1709 A.
888 1684 1052 1710 ricordando
1072 1685 1098 1709 il
1112 1688 1171 1709 noto
1189 1687 1301 1709 costume
1327 1685 1358 1709 dx·
1375 1691 1483 1709 armare
1500 1684 1636 1708 car-alim·
1653 1683 1764 1707 innanzi
1785 1683 1810 1705 il
1825 1681 1965 1707 combam·-

125 1730 211 1751 mento
230 1740 263 1745 -—
283 1733 306 1758 3.
328 1725 496 1758 calcaribus]
523 1726 657 1751 talaribus
681 1727 722 1757 A„
742 1727 831 1757 Mun„
846 1728 890 1752 Cr.
911 1739 944 1744 —-
964 1734 987 1758 4.
1001 1733 1018 1750 a
1037 1726 1151 1751 Venetis
1171 1727 1202 1750 A.
1225 1728 1284 1754 Cr.;
1308 1729 1404 1751 accello
1424 1727 1452 1750 la
1465 1732 1535 1750 corr.
1555 1726 1600 1749 del
1618 1725 1694 1749 Mun.
1715 1725 1767 1753 che,
1788 1722 1964 1755 riprendendo

125 1770 154 1793 la
165 1770 262 1801 forma
281 1771 401 1793 consueta
420 1768 466 1792 del
482 1770 601 1793 crom'sea
620 1769 704 1800 togln'e
722 1766 760 1792 l'a
780 1781 812 1785 —
833 1767 888 1799 5-6.
907 1769 992 1801 prout
1004 1774 1020 1792 a
1034 1768 1141 1792 notatis
1160 1768 1217 1792 late
1236 1768 1405 1792 narrabatur
1423 1768 1465 1796 A„
1487 1768 1547 1791 Cn:
1566 1767 1650 1799 prout
1669 1773 1684 1790 a
1702 1766 1768 1790 latis
1786 1766 1877 1789 literis
1901 1772 1966 1789 nar-

123 1813 237 1838 rabatur
263 1813 341 1837 Mun.
362 1825 395 1830 —
414 1813 438 1838 8.
458 1813 540 1837 Dom.
566 1812 655 1837 nostri
671 1813 736 1844 Jesu
755 1820 803 1837 om.
821 1813 864 1843 A„
890 1812 978 1841 Mun„
1005 1813 1051 1837 Cr.
1071 1825 1081 1830 -
1103 1811 1212 1837 Christi
1231 1814 1261 1836 in
1283 1812 1350 1844 1358
1368 1812 1401 1835 A.
1422 1824 1453 1829 -—
1473 1819 1498 1843 9.
1517 1811 1598 1842 porte
1617 1810 1667 1841 A.3
1693 1810 1776 1843 porta
1800 1809 1888 1838 Mun..
1915 1809 1960 1834 Cr.

124 1870 157 1874 -
180 1864 217 1881 11.
237 1857 345 1882 bastlae
359 1864 408 1880 om.
427 1857 469 1886 A„
483 1857 571 1885 Μυκ.1
593 1857 638 1882 Cr.
659 1870 691 1874 —
715 1863 753 1881 12.
771 1856 844 1880 facie
867 1856 954 1886 Mmae„
975 1857 1020 1881 Cr.
1041 1868 1052 1873 -
1070 1857 1129 1880 erat
1149 1856 1256 1880 decima
1275 1856 1372 1887 quinta
1392 1856 1461 1880 hora
1484 1857 1513 1879 et
1543 1855 1620 1879 Mun.
1649 1868 1680 1871 —
1713 1861 1753 1886 13.
1781 1853 1886 1878 dictam
1915 1860 1962 1876 om.

124 1954 149 1975 2,
163 1953 188 1976 9,
208 1946 249 1973 τό,
270 1952 316 1974 23,
336 1953 369 1977 29
389 1959 420 1963 -
443 1952 481 1977 17.
501 1944 654 1976 servorum]
676 1945 814 1969 minorum
829 1946 872 1974 A.,
886 1945 973 1974 Mun„
990 1945 1050 1972 (ἒν-ς
1066 1948 1118 1975 per
1130 1945 1159 1968 Ia
1172 1951 1241 1969 corr.
1255 1952 1282 1968 v.
1296 1948 1360 1969 nota
1372 1944 1389 1968 ὁ
1401 1957 1435 1961 -
1453 1950 1491 1975 19.
1506 1943 1617 1975 matria]
1634 1943 1738 1967 nostris
1752 1942 1798 1970 A.;
1812 1950 1859 1966 om.
1873 1941 1960 1971 Mum,

124 1990 169 2014 Cr.
190 2002 222 2006 —-
244 1995 285 2013 20.
303 1989 419 2013 cuilibet
439 1997 507 2020 agg.
527 1989 615 2018 Mun„
637 1989 683 2013 Cr.
703 2001 736 2006 -—
757 1995 797 2019 ²3-
811 1989 939 2021 Egidium
954 1987 1145 2019 Cardinaleml
1165 1988 1273 2012 abatem
1293 1988 1332 2014 A..
1352 1988 1438 2016 Mun..
1454 1988 1516 2015 Cr.;
1530 1996 1573 2011 ma
1585 1988 1611 2011 si
1622 1990 1709 2012 traua
1723 1989 1881 2011 certamente
1893 1985 1962 2016 quie

121 2042 136 2057 α
151 2035 168 2057 l.
182 2041 225 2064 ³4,
239 2034 306 2058 dove
320 2033 470 2064 parimenti
486 2035 512 2057 in
532 2034 574 2062 A„
595 2034 681 2063 Mun„
703 2035 748 2058 Cr.
766 2034 792 2057 si
810 2034 883 2065 legge
901 2032 996 2057 Abbas
1015 2033 1102 2057 invece
1121 2033 1152 2057 ds·
1161 2032 1289 2064 Egidius,
1303 2033 1334 2056 di
1345 2040 1378 2056 un
1390 2039 1482 2057 errore
1495 2032 1525 2056 di
1535 2031 1708 2057 trasarizz’one
1720 2030 1767 2055 dcl
1774 2030 1876 2062 copista
1888 2029 1918 2053 di
1926 2029 1960 2053 A.

1062 2109 1166 2132 tembre
1190 2114 1254 2140 1357
1275 2108 1321 2140 (cs.
1343 2108 1439 2135 Mnus,
1462 2108 1489 2131 in
1517 2107 1711 2131 Annuario
1737 2106 1956 2133 dalmatico,

1061 2151 1139 2177 Zara,
1157 2149 1231 2181 1887.
1253 2158 1277 2181 p.
1299 2148 1361 2181 83):
1382 2150 1408 2173 la
1428 2150 1493 2173 data
1507 2149 1551 2173 del
1567 2149 1706 2172 dicembre
1721 2145 1783 2172 sara
1797 2148 1832 2172 da
1846 2148 1956 2171 riserire

1062 2192 1116 2216 alla
1137 2193 1237 2217 caduta
1266 2192 1310 2216 del
1331 2192 1457 2217 castello,
1478 2192 1534 2215 alla
1564 2191 1645 2222 quale
1666 2188 1743 2222 segul
1764 2191 1811 2221 poi
1836 2190 1863 2214 la
1889 2197 1955 2221 pace

117 2108 233 2133 Calcara
254 2117 267 2133 e
288 2109 313 2132 la
335 2111 380 2133 via
400 2109 503 2133 Emilia
524 2109 549 2133 al
569 2111 654 2140 ponte
674 2109 748 2133 della
772 2109 929 2140 Samoggia,
955 2116 1007 2132 ove

117 2159 272 2182 sorgevano
291 2152 360 2175 torri
383 2159 396 2175 a
417 2152 505 2174 difesa
520 2151 564 2174 del
578 2158 668 2182 passo.
685 2151 834 2175 L‘esercito
849 2150 923 2174 della
937 2150 1007 2181 lega.

117 2196 228 2225 passato
249 2193 269 2217 il
290 2193 398 2217 Panaro
419 2201 433 2217 a
452 2193 506 2217 San
528 2192 651 2219 Cesario.
666 2190 822 2224 gl’insegui
838 2194 900 2216 sino
915 2200 929 2216 a
944 2192 1007 2216 Piu-

116 2243 215 2266 mazzo,
231 2244 283 2259 ove
297 2234 429 2267 pen-nott&
442 2245 446 2261 ;
463 2237 508 2266 poi
525 2236 675 2266 raggiunta
689 2234 805 2259 Calcara
819 2235 839 2258 li
855 2242 980 2266 sorprese
993 2243 1007 2258 e

116 2279 134 2302 li
157 2276 296 2302 combatte
316 2286 368 2303 con
389 2278 496 2302 incerta
524 2278 638 2301 fortuna
659 2277 679 2300 il
703 2284 732 2309 13
759 2277 864 2309 luglio:
891 2277 911 2301 il
942 2284 971 2307 14
998 2278 1004 2300 i

115 2321 259 2344 Viscontei
275 2322 296 2343 si
310 2321 463 2344 ritirarono
476 2328 560 2343 ancor
572 2317 621 2350 piu
630 2328 644 2343 a
657 2321 849 2345 settentrione.
862 2319 1006 2343 all’abazia

115 2364 141 2386 di
163 2363 249 2386 Santa
263 2363 353 2386 Maria
375 2363 403 2385 in
423 2362 522 2386 Strada
536 2362 582 2394 (cs.
597 2361 630 2385 R.
650 2362 749 2385 DELLA
770 2362 857 2390 (ῙΑΞΑ,
873 2361 917 2385 nel
931 2362 1006 2385 Bol-

114 2405 198 2428 lett.
218 2405 348 2428 eccles.
370 2403 467 2428 della
482 2404 618 2428 diocesi
633 2404 667 2427 di
683 2404 860 2436 Bologna‚
875 2411 898 2427 a.
915 2403 1005 2436 1915);

116 2449 142 2471 in
164 2447 290 2479 Bologna
311 2449 333 2471 si
354 2455 400 2471 era
420 2448 527 2470 armato
542 2446 563 2470 il
578 2447 683 2478 popolo
705 2448 767 2470 sino
787 2446 863 2470 dalla
883 2448 1003 2470 mattina

115 2489 158 2513 dcl
179 2486 293 2520 giovedi
318 2496 346 2520 13
367 2497 381 2512 e
402 2496 511 2512 accorse
526 2490 624 2512 contro
646 2489 652 2511 i
670 2489 769 2512 nernici
786 2488 834 2512 che
847 2485 894 2519 gia
908 2489 929 2512 si
945 2489 1003 2512 riti-

113 2538 218 2554 ravano
239 2539 251 2554 e
274 2530 497 2554 “incontanenti
517 2530 542 2553 la
564 2530 633 2553 zoba
660 2530 692 2553 de
714 2531 780 2553 note
807 2530 949 2561 vignando
976 2530 1004 2553 lo

115 2576 126 2584 ⁴⁴
142 2574 249 2603 vegniri
271 2572 373 2596 levono
393 2572 511 2603 champo
531 2580 545 2595 e
558 2572 583 2595 si
598 2579 624 2595 se
640 2572 781 2595 n'andono
795 2572 828 2595 de
843 2573 948 2595 secreto
962 2580 975 2595 e
990 2580 1003 2596 a

115 2614 127 2625 ‘¹
140 2614 194 2637 mal
210 2614 292 2638 modo
306 2622 319 2637 e
334 2622 419 2637 zenza
434 2622 520 2637 onore
534 2615 577 2637 tra
591 2613 733 2637 Sanzoane
748 2621 760 2637 e
775 2613 958 2637 Nonantollar
969 2632 973 2637 .
984 2632 1002 2637 ..

115 2657 127 2668 ¹‘
139 2665 152 2679 e
173 2664 293 2687 passono
313 2664 326 2679 e
341 2657 453 2680 andono
468 2664 482 2679 a
498 2656 590 2687 Carpo
602 2674 615 2685 „
632 2654 772 2687 (VILLOLA
787 2657 833 2679 cit.
850 2655 895 2679 dal
909 2655 1003 2679 Sim-11-

113 2704 208 2725 NOLFl,
229 2705 253 2728 p.
278 2696 334 2729 189,
355 2700 422 2722 nota
444 2697 476 2728 1).

200 2738 207 2754 ¹
222 2740 234 2763 Ι
247 2740 298 2763 due
313 2739 370 2771 tigli
387 2740 413 2763 (11
430 2739 578 2763 Ricciardo
593 2739 770 2764 CancellierI.
785 2739 842 2768 che,
856 2739 945 2763 allora
957 2747 1003 2770 po-

110 2779 182 2805 testa
201 2783 227 2805 di
250 2782 376 2811 Modena,
399 2789 485 2805 aveva
495 2783 611 2805 assunto
632 2781 651 2805 il
667 2782 802 2805 comando
817 2781 1001 2805 dell'escrcito

110 2823 183 2847 della
203 2823 263 2854 lega
283 2832 360 2847 come
382 2824 569 2855 “capitaneus
588 2831 701 2854 guerrae
711 2841 733 2851 ,‚.

197 2863 208 2879 ²
228 2865 315 2896 Sopra
335 2867 431 2896 questo
454 2866 525 2889 fatto
545 2866 572 2889 di
594 2866 664 2889 Zara
684 2866 705 2889 si
729 2866 835 2888 vedano
863 2864 1001 2891 CORTL'SL

111 2907 136 2929 in
161 2907 224 2929 RR.
246 2907 283 2929 ll.
305 2906 362 2936 SS.,
383 2906 442 2932 XII,
459 2912 509 2938 952
531 2914 543 2930 e
564 2905 690 2933 GATAR1‚
716 2906 783 2930 ediz.
810 2906 843 2929 A.
870 2905 963 2929 Medin
985 2915 998 2930 e

109 2947 141 2970 (i.
162 2947 298 2975 Tolome5,
321 2948 368 2973 ivi,
389 2947 473 2972 XVII.
494 2950 572 2979 parte
592 2948 610 2972 Ι.
632 2955 676 2978 pp.
702 2946 786 2978 38-39.
808 2947 846 2970 La
876 2945 945 2971 citta
970 2949 996 2971 di

109 2990 177 3012 Zara
201 2990 227 3012 su
249 2993 380 3021 occupata
396 2990 469 3013 dalle
483 2991 559 3020 genti
575 2990 617 3013 dcl
635 2997 660 3012 re
675 2989 849 3019 d'Ungheria
867 2989 886 3012 il
905 2996 932 3019 13
949 2992 999 3013 set-

1061 2236 1103 2258 tra
1123 2235 1245 2258 Venezia
1266 2243 1279 2258 e
1299 2242 1326 2258 re
1348 2234 1493 2258 Ludovico
1514 2233 1646 2257 conclusa
1668 2233 1695 2255 in
1718 2232 1788 2256 Zara
1809 2232 1829 2255 il
1853 2231 1884 2255 18
1899 2232 1954 2256 feb-

1061 2276 1140 2300 braio
1164 2276 1236 2307 1358.

1149 2317 1159 2332 3
1180 2309 1200 2342 ὲ
1221 2319 1341 2342 secondo
1361 2319 1389 2342 lo
1410 2318 1474 2342 stile
1488 2317 1563 2341 dalla
1579 2313 1709 2343 nativit&
1723 2316 1954 2347 con-ispondente

1060 2361 1157 2392 quindi
1180 2361 1303 2384 all‘anno
1333 2366 1398 2392 1357
1424 2360 1499 2384 dello
1526 2359 1590 2383 stile
1616 2366 1740 2383 comune.
1767 2358 1789 2382 Il
1818 2358 1955 2382 “noviter

1062 2402 1250 2434 “prolabente
1262 2421 1273 2429 ,,
1296 2399 1474 2433 significhera
1495 2401 1568 2425 “che
1588 2408 1634 2425 era
1654 2408 1702 2432 per
1728 2401 1813 2424 finire
1825 2418 1847 2429 ,,.

1147 2443 1159 2459 ⁴
1180 2442 1247 2468 Cosl
1268 2444 1354 2468 anche
1375 2445 1402 2467 in
1424 2444 1584 2467 documenti
1605 2443 1683 2474 quasi
1705 2443 1829 2466 sincroni
1850 2440 1951 2474 (alem,

1059 2494 1082 2510 a.
1105 2494 1179 2518 1393,
1200 2495 1225 2510 n.
1246 2493 1306 2517 302,
1326 2494 1339 2509 e
1359 2486 1445 2510 anche
1467 2485 1572 2510 statuti
1589 2486 1659 2509 delle
1679 2493 1769 2516 acque,
1790 2484 1861 2508 rubr.
1882 2483 1953 2515 254),

1059 2530 1164 2552 mentre
1185 2528 1257 2551 nelle
1277 2530 1351 2551 carte
1371 2526 1420 2559 piu
1434 2527 1546 2550 antiche
1565 2525 1580 2550 ὲ
1593 2527 1671 2550 detto
1694 2526 1707 2538 ‘⁴'
1719 2525 1950 2558 Malliagallum„

1058 2579 1074 2594 ο
1089 2571 1101 2582 “
1113 2570 1322 2601 Mallingallum
1334 2588 1346 2599 7,
1360 2569 1485 2601 (ΤΗ-ΑΒ..
1497 2570 1568 2597 Dia,
1579 2569 1612 2597 11,
1630 2568 1671 2601 19)
1683 2578 1688 2597 ;
1702 2565 1818 2592 localita
1834 2569 1862 2591 in
1875 2567 1953 2592 Cam-

1058 2613 1221 2644 pogalliano
1237 2613 1313 2636 detta
1327 2620 1375 2636 ora
1390 2612 1416 2636 la
1430 2611 1587 2639 Barchetta.
1602 2610 1701 2642 perche
1716 2612 1743 2634 vi
1759 2618 1805 2635 era
1819 2619 1855 2634 un
1870 2617 1952 2642 passo

1057 2656 1083 2678 di
1106 2656 1194 2679 barca.
1216 2655 1238 2678 Il
1261 2655 1398 2679 fortilizio
1413 2662 1429 2677 o
1446 2658 1456 2666 ““
1471 2654 1616 2678 castellum
1632 2655 1665 2677 de
1680 2653 1884 2684 Mallingallo„
1900 2654 1950 2676 esi-

1057 2700 1133 2721 steva
1154 2698 1217 2720 sino
1237 2697 1281 2720 dal
1307 2703 1369 2727 1142
1391 2696 1515 2727 (mma.
1537 2696 1576 2720 St.
1596 2697 1676 2726 A'on„
1686 2695 1719 2724 11,
1740 2693 1809 2726 254).

1144 2737 1154 2753 5
1176 2736 1278 2762 Perche
1298 2745 1382 2762 erano
1402 2739 1444 2761 dei
1466 2738 1526 2765 Pio,
1547 2737 1677 2769 collegati
1700 2738 1742 2761 coi
1763 2737 1903 2761 visconti.

1144 2779 1154 2795 ⁶
1174 2779 1271 2807 Questi
1290 2780 1355 2803 frati
1370 2780 1474 2804 Serviti
1490 2787 1616 2803 avevano
1630 2780 1773 2811 pred1cato
1786 2779 1814 2803 la
1828 2780 1949 2803 crociata

1056 2824 1154 2846 contro
1175 2821 1327 2846 l’Ordelaffi
1350 2823 1377 2845 in
1398 2821 1525 2852 Bologna
1546 2823 1608 2845 sino
1629 2821 1674 2845 dal
1699 2821 1847 2845 novembre
1873 2822 1948 2845 ante-

1056 2865 1186 2888 cedente:
1208 2864 1221 2876 ⁴‘
1232 2865 1259 2887 et
1280 2864 1366 2888 frater
1385 2863 1512 2887 Andreas
1532 2863 1564 2886 de
1584 2863 1661 2887 dicto
1681 2863 1779 2886 ordine
1801 2863 1855 2887 fuit
1874 2864 1949 2893 prln-

1056 2905 1180 2937 “cipalis
1200 2905 1384 2937 praedicator,
1404 2906 1450 2935 qui
1478 2907 1536 2929 erat
1564 2905 1749 2935 faventinus„
1778 2902 1947 2936 (GRH-som,

1054 2949 1144 2976 Mem„
1163 2947 1204 2971 ed.
1225 2948 1283 2976 cit„
1302 2954 1328 2978 p.
1349 2946 1390 2973 61,
1411 2946 1442 2971 11.
1462 2947 1561 2978 20-21).

1141 2988 1152 3004 ⁷
1174 2990 1213 3012 Lo
1235 2989 1390 3020 spagnuolo
1411 2988 1512 3019 Egidio
1533 2989 1686 3015 Alburnoz,
1713 2989 1891 3012 areivescovo
1917 2988 1944 3012 di

1983 2233 2015 2259 35

1981 2445 2016 2471 ⁴0

1980 2658 2012 2684 45

1977 2871 2010 2896 50

2049 1056 2094 1071 c.0
