2318 3603
161 403 179 416 r.
196 401 221 418 μ
235 403 246 414 α

291 1819 320 1835 10

291 2262 323 2279 20

292 2681 326 2705 30

295 2891 325 2915 35

926 263 1240 298 CHRONICON
1270 264 1575 300 MUTINENSE
1879 270 1961 304 [ΑΛ.
1983 272 2174 306 laza-1³24]

349 338 2175 349 .........................................................................................................................................................................................................

348 386 392 417 de
415 384 551 426 Apulea
565 383 585 416 ¹.
633 384 764 416 Eodem
788 395 877 416 anno
903 385 995 417 circa
1019 385 1142 417 festum
1158 385 1266 417 sancti
1290 386 1426 417 Nicolai
1448 387 1571 419 mensis
1595 386 1798 418 decembris'
1822 394 2034 419 recesserunt
2061 398 2176 420 omnes

344 437 460 469 clerici
483 437 654 469 seculares
679 443 712 468 et
735 438 907 480 regulares
931 438 974 469 de
1000 438 1134 469 civitate
1159 438 1312 469 Mutinae
1330 444 1362 469 et
1378 439 1541 476 districtu,
1566 440 1643 481 quia
1667 439 1774 481 [Papa
1798 440 1977 481 Iohannes]
2001 440 2176 472 renovavit

343 490 549 521 sentenciam
575 496 607 521 et
629 500 827 531 processum
859 491 987 522 factum
1019 502 1082 532 per
1105 491 1277 523 dominum
1302 491 1431 532 Papam
1454 492 1665 524 Clementem
1691 493 1877 524 occaxione
1901 492 2116 534 spoliacionis
2144 498 2177 524 et

342 542 458 574 mortis
474 542 558 574 dicti
575 542 703 574 domini
726 542 947 580 Marchionis,
964 543 1226 584 pronunciando
1251 544 1424 575 dominum
1448 544 1661 576 Passarinum
1686 551 1718 577 et
1736 551 1847 577 certos
1869 545 1904 576 in
1928 545 2093 578 sententia
2116 555 2177 576 no-

341 595 485 627 minatos
509 594 664 626 Mutinae
689 595 896 636 incu[rris]se
921 606 1048 637 paenas
1071 597 1106 627 in
1130 596 1298 628 sententia
1321 596 1458 638 positas.

1731 651 1774 658 ...ι

345 701 406 732 bus
419 701 441 732 ².
466 700 565 732 Tunc
584 707 776 732 constructa
793 701 857 732 fuit
872 701 975 733 Porta
993 702 1161 733 Ganaceti
1173 701 1194 733 ³.
1219 702 1319 733 Tunc
1337 702 1392 733 die
1405 703 1520 734 martis
1536 703 1721 744 penultimo
1739 703 1901 735 februarii
1918 704 1982 735 fuit
1997 703 2179 735 sconfictus

343 753 498 786 dominus
523 753 738 785 Raimundus
762 754 805 785 de
829 754 988 786 Casdona
1014 766 1089 786 cum
1114 761 1216 797 gente
1240 755 1420 787 Ecclesiae
1452 755 1495 787 ab
1527 756 1592 786 illis
1623 756 1665 787 de
1689 757 1872 788 Vescontis
1896 757 1940 788 ad
1964 756 2106 788 Pontem
2136 756 2179 787 de

344 804 475 836 Vavrio
493 810 525 835 et
542 810 660 845 captus
684 804 749 836 fuit
772 804 929 836 dominus
952 805 1166 837 Raimundus
1189 811 1223 838 et
1246 805 1342 837 multi
1360 805 1432 839 alii:
1449 806 1643 838 vulneratus
1667 807 1730 838 fuit
1754 807 1908 839 dominus
1930 806 2145 838 Raimundus
2156 805 2178 837 ⁴.

342 855 444 886 Dicto
468 861 621 896 tempore
645 861 721 896 post
745 855 875 897 aliquos
899 856 971 887 dies
994 856 1059 887 fuit
1082 857 1264 888 sconfictus
1288 856 1443 888 dominus
1468 857 1636 899 Galeacus
1659 867 1735 889 cum
1760 864 1861 900 gente
1884 868 1944 889 sua
1967 857 2024 899 qui
2048 857 2181 889 iverunt

342 906 376 937 in
401 905 573 937 obsessum
596 905 768 937 Munciae.
817 907 861 937 Et
885 912 966 938 tunc
998 907 1062 937 ,fuit
1093 907 1259 938 exercitus
1291 907 1333 938 de
1365 907 1541 948 Moncono
1566 914 1599 938 et
1623 908 1738 940 datum
1772 908 1835 939 fuit
1867 908 2007 939 domino
2039 907 2182 938 civitatis

343 956 497 988 Mutinae
512 955 533 987 ³³.
580 956 624 988 Et
648 962 727 987 tunc
752 966 836 999 gens
851 957 957 988 Ducis
974 956 1132 988 Austriae
1149 964 1183 989 et
1199 957 1376 1000 Carinciae
1393 958 1436 989 de
1454 957 1646 995 Alemania,
1664 959 1720 1000 qui
1739 959 1876 990 fuerunt
1891 958 1979 989 ultra
2006 958 2064 1001 xij.
2088 957 2183 988 milia

344 1006 498 1043 militum,
522 1013 689 1038 venerunt
720 1013 838 1038 contra
866 1007 1041 1039 dominum
1067 1008 1195 1039 Canem
1221 1008 1312 1039 della
1343 1008 1446 1040 Scala
1470 1009 1642 1040 dominum
1665 1009 1825 1040 Veronae
1849 1008 1892 1040 de
1915 1018 2030 1040 mense
2053 1007 2125 1039 iulii
2150 1013 2182 1039 et

344 1056 520 1088 redierunt
543 1057 587 1088 ad
611 1064 726 1098 partes
748 1068 834 1095 suas,
853 1058 958 1089 multo
975 1058 1089 1099 dapno
1106 1058 1200 1089 facto
1217 1069 1278 1100 per
1302 1069 1361 1090 eos
1374 1058 1394 1090 ⁶.
1442 1059 1486 1091 Et
1510 1065 1590 1091 tunc
1614 1060 1691 1103 xxvj
1709 1059 1852 1090 ianuarii
1870 1058 1986 1090 clerici
2003 1058 2178 1089 redierunt

344 1109 499 1141 Mutinae
523 1115 664 1152 propter
688 1110 801 1141 literas
824 1111 941 1142 missas
965 1120 1027 1152 per
1051 1111 1224 1142 dominum
1248 1111 1377 1153 Papam
1401 1111 1445 1143 ad
1468 1111 1636 1154 Legatum
1648 1110 1669 1143 ⁷.

344 1226 405 1247 sex
421 1215 594 1247 mensibus
609 1215 757 1257 inceptis
780 1216 859 1259 xxiij
886 1217 1018 1260 augusti
1032 1215 1052 1248 Β.
1099 1217 1199 1248 Tunc
1216 1216 1346 1248 factum
1374 1217 1438 1248 fuit
1454 1217 1629 1260 Palacium
1647 1227 1772 1248 novum
1789 1227 1890 1258 super
1905 1223 2008 1248 strata
2024 1215 2150 1258 Regali
2161 1213 2183 1247 ⁹.

345 1268 390 1299 Et
413 1275 494 1299 mne
519 1268 653 1300 reddita
676 1268 741 1299 fuit
771 1268 913 1300 Muncia
944 1269 1084 1300 domino
1110 1269 1260 1310 Galeaco
1289 1270 1333 1301 de
1360 1269 1543 1302 Vescontis
1574 1269 1764 1301 Mediolani
1789 1269 1925 1301 domiso
1953 1280 2015 1310 per
2049 1274 2185 1310 gentem

344 1321 493 1353 rocchae
509 1331 571 1362 per
586 1321 712 1352 samem
727 1320 761 1353 ¹⁰.
806 1322 850 1353 Et
874 1328 954 1353 tunc
980 1323 1044 1353 fuit
1061 1322 1243 1354 sconfictus
1259 1322 1338 1353 Dux
1360 1322 1526 1354 Bavariae
1545 1323 1587 1354 de
1606 1321 1787 1354 Alemania
1805 1333 1867 1364 per
1884 1322 2015 1353 Ducem
2032 1320 2182 1362 Leopol-

436 1440 456 1457 1.
477 1434 586 1461 omnes!
607 1434 725 1458 comites
744 1435 793 1463 A.;
812 1443 858 1458 om.
874 1435 960 1463 Μυκη
976 1435 1020 1459 Cr.
1037 1448 1066 1452 -
1082 1441 1106 1459 2.
1120 1435 1186 1465 quia
1200 1443 1267 1459 corr.
1287 1434 1380 1462 Mmz.;
1401 1442 1454 1466 qua
1473 1435 1515 1462 A..
1537 1436 1582 1460 Cr.
1603 1448 1613 1452 -
1633 1435 1708 1466 Papa
1729 1435 1868 1458 Iohannes
1882 1442 1929 1458 mm
1949 1434 1962 1458 ὲ
1976 1434 2002 1457 in
2021 1441 2128 1457 nessuno
2142 1433 2186 1456 dei

347 1475 417 1504 testi,
439 1484 481 1499 ma
500 1476 526 1499 ci
539 1479 595 1507 par
614 1476 735 1501 richiesto
755 1478 803 1501 dal
820 1485 909 1507 senso;
929 1477 1005 1500 Mun.
1025 1478 1058 1501 Ιια
1073 1477 1209 1510 preferito
1229 1477 1408 1509 trasformare
1421 1477 1545 1501 l'intt'ero
1565 1480 1705 1501 castrutio.-
1725 1477 1791 1508 quia
1810 1478 1946 1500 renovata
1966 1476 2022 1500 suit
2042 1474 2184 1499 sententia

345 1518 373 1541 et
393 1524 539 1549 processus
559 1518 650 1542 factus
670 1532 702 1536 —
722 1526 776 1550 3-4.
797 1519 971 1544 Clementem
993 1520 1124 1543 octavum
1144 1519 1300 1551 spoliatum
1320 1521 1346 1542 et
1361 1521 1451 1542 morte
1471 1520 1511 1548 A,
1534 1521 1587 1548 Cr„
1604 1518 1681 1550 [peria
1705 1518 1748 1542 Cr.
1769 1520 1800 1541 Ιια
1820 1518 1854 1542 de
1868 1518 1959 1541 invece
1978 1518 2008 1541 di
2019 1516 2074 1549 et];
2095 1515 2184 1541 clem.

346 1559 371 1582 V
391 1559 425 1582 de
444 1562 535 1584 morte
554 1560 630 1584 Mun.
651 1574 683 1578 —
705 1568 728 1592 4.
749 1560 861 1584 domini
880 1569 928 1585 om.
948 1560 1026 1584 ML‘R.
1047 1574 1077 1578 —
1100 1566 1123 1591 5.
1143 1561 1296 1585 incurrisse
1310 1569 1377 1585 corr.
1398 1561 1484 1591 Mna..
1500 1563 1544 1586 Cr.
1560 1574 1591 1578 -
1606 1560 1631 1585 6.
1651 1559 1785 1584 Focholis
1798 1561 1840 1587 A..
1862 1561 1924 1589 Cr.·,
1938 1559 2072 1583 Toccolis
2092 1559 2183 1585 MUR.;

350 1600 467 1625 Toculis
487 1602 528 1625 M.
549 1615 580 1619 —
602 1607 625 1632 7.
646 1602 822 1634 constructa]
843 1602 985 1626 destructa
1005 1603 1046 1629 A„
1067 1602 1154 1633 MUR.‚
1176 1604 1229 1631 Cr.y
1245 1617 1276 1620 —
1291 1603 1315 1627 8.
1335 1601 1480 1633 Cardona]
1503 1602 1552 1626 cos)
1571 1602 1664 1626 MURA
1679 1601 1814 1626 Gardona
1828 1602 1869 1632 A„
1890 1601 1945 1626 Cn·
1966 1600 2012 1631 ab]
2032 1601 2082 1624 cosi
2097 1599 2183 1623 MUR..

349 1643 410 1672 Cr.;
429 1650 492 1667 cum
511 1644 545 1667 A.
566 1657 597 1661 —
617 1652 641 1676 9.
656 1645 776 1676 Vavriol
799 1645 895 1676 Vaghe
914 1646 960 1669 A.:
976 1645 1070 1676 Zaghe
1089 1645 1174 1673 Mun„
1192 1645 1236 1669 Cr.
1251 1658 1282 1662 —
1300 1651 1339 1669 11.
1359 1644 1501 1677 Munciae]
1516 1644 1565 1669 cos}
1585 1653 1652 1669 corr.
1667 1645 1759 1671 Mum:
1774 1644 1871 1668 Molzo
1884 1644 1926 1672 A„
1943 1644 1986 1668 Cr.
2002 1656 2010 1660 -
2024 1640 2182 1672 Monzone]

349 1685 400 1708 cosi
420 1693 488 1710 corr.
509 1686 600 1713 Mm.;
622 1686 757 1710 Molzono
777 1687 818 1717 A„
843 1688 887 1711 Cr.
902 1700 910 1704 -
925 1687 981 1710 suit
995 1694 1011 1710 a
1025 1687 1141 1711 domino
1155 1688 1203 1714 A.;
1217 1694 1234 1711 a
1247 1696 1294 1711 om.
1309 1687 1395 1715 Mun„
1412 1688 1456 1711 Cr.
1478 1700 1510 1705 —
1528 1693 1567 1711 12.
1589 1687 1749 1720 Carinciael
1764 1686 1899 1718 Cariagia
1920 1686 1961 1710 A..
1982 1685 2067 1714 Μυκη
2091 1685 2136 1709 Cr.
2153 1697 2180 1700 —

350 1734 388 1757 14.
409 1728 499 1751 multo
519 1736 587 1752 corr.
607 1728 701 1754 Mum:
722 1729 801 1752 mille
821 1730 863 1758 A.,
885 1731 930 1754 Cr.
949 1742 981 1746 —
1005 1728 1043 1752 16.
1064 1729 1162 1753 Farab.
1184 1729 1210 1753 d.
1229 1729 1327 1753 Farab.
1345 1730 1387 1757 A„
1409 1730 1463 1755 Cr..
1483 1729 1560 1753 Mun.
1580 1743 1613 1747 —
1636 1728 1674 1752 18.
1695 1729 1810 1753 Muncia
1829 1737 1897 1753 corr.
1917 1728 2008 1753 Mun-2
2029 1726 2124 1751 Molza
2142 1725 2184 1753 A„

349 1769 395 1793 Cr.
416 1782 448 1786 —
471 1776 511 1801 19.
533 1770 652 1794 rocchae
665 1778 734 1794 corr.
753 1771 840 1800 MUR„
855 1772 914 1797 Cr.;
935 1770 1040 1794 hocche
1060 1771 1092 1794 A.
1113 1783 1123 1788 -
1144 1770 1293 1802 Bavariae]
1312 1771 1358 1802 qui
1376 1779 1389 1794 e
1408 1771 1484 1801 neglr'
1497 1771 1566 1795 altri
1577 1771 1669 1802 luogln'
1687 1771 1717 1794 di
1727 1774 1815 1801 questo
1824 1770 1984 1802 paragrafo
2004 1769 2026 1793 il
2043 1768 2143 1798 copista
2156 1766 2186 1790 di

349 1812 381 1836 A.
403 1813 435 1836 ka
454 1813 585 1837 sostituz'to
604 1813 736 1838 Bononia
755 1823 772 1838 a
785 1814 906 1838 Bavaria

437 1873 443 1889 ¹
458 1875 549 1899 Maria
560 1876 588 1899 di
602 1876 709 1904 Valois,
723 1875 800 1908 figlia
812 1877 855 1900 del
872 1877 1038 1908 famigerato
1050 1876 1143 1905 Cario.
1156 1875 1240 1908 spos&

351 1917 436 1941 Cario
457 1918 485 1941 di
506 1917 637 1942 Calabria
657 1920 848 1950 primogenito
867 1919 910 1942 del
925 1926 953 1942 re
966 1918 1092 1942 Roberto
1106 1919 1241 1952 d’Anjou.

438 1957 449 1974 ²
469 1959 513 1984 Cf.
533 1960 560 1984 la
581 1962 647 1984 nota
668 1966 681 1992 7
702 1960 776 1984 della
796 1968 821 1992 p.
842 1960 883 1992 89,

437 2000 447 2017 ³
466 2002 594 2027 Secondo
615 2003 635 2026 il
650 2002 779 2031 Tassoni,
794 2004 823 2027 su
838 2004 1002 2034 quest'anno
1017 2005 1105 2028 eretto
1121 2004 1140 2027 il
1155 2005 1243 2027 tratto

350 2044 422 2068 delle
433 2052 511 2068 mura
522 2045 626 2069 urbane
637 2047 679 2068 tra
691 2047 773 2076 porta
785 2046 961 2078 Baggiovara
972 2054 986 2069 e
997 2048 1078 2077 porta
1089 2045 1244 2069 Cittanova

351 2085 533 2116 (sud-ovest):
549 2094 562 2110 e
583 2088 704 2111 secondo
720 2088 739 2111 il
753 2087 881 2118 Morano,
897 2088 984 2111 anche
997 2088 1091 2118 quello
1105 2089 1147 2111 tra
1162 2089 1244 2118 porta

352 2127 496 2152 Ganaceto
517 2137 530 2152 e
552 2131 634 2160 porta
653 2129 789 2153 Albareto
811 2129 975 2161 (nord-est):
998 2131 1097 2154 rimase
1111 2132 1208 2161 aperto
1224 2130 1243 2152 il

350 2172 437 2194 tratto
457 2172 601 2201 orientale,
624 2172 652 2195 in
674 2173 716 2195 cui
738 2171 763 2195 le
782 2180 860 2196 mura
879 2180 893 2195 e
912 2172 939 2196 la
959 2175 1040 2203 porta
1060 2172 1181 2196 Saliceto
1203 2172 1243 2195 fu-

351 2220 420 2237 rono
441 2214 488 2244 poi
509 2213 634 2237 edificate
659 2214 720 2238 solo
742 2214 785 2238 nel
810 2214 875 2245 1380
895 2214 1016 2245 (TIRAn..
1038 2216 1116 2238 Mem.
1136 2217 1177 2238 st..
1197 2213 1243 2241 ΙΙΙ,

351 2254 406 2287 59).
426 2255 490 2279 Non
512 2256 533 2279 si
561 2254 617 2287 pub
637 2256 735 2286 quindi
766 2264 881 2288 pensare
911 2257 954 2280 nel
988 2263 1052 2289 1324
1082 2264 1096 2280 a
1122 2264 1177 2280 una
1203 2256 1243 2279 di·

351 2297 496 2320 struzione
515 2297 589 2321 della
610 2300 691 2329 porta
712 2297 867 2326 Ganaceto.
894 2299 920 2322 la
947 2299 1027 2330 quale
1053 2300 1114 2322 anzi
1136 2300 1164 2322 in
1185 2306 1245 2330 que-

351 2339 463 2363 st’anno
486 2346 552 2372 1324
572 2338 634 2364 sara
648 2342 719 2364 stata
734 2343 821 2364 eretta
836 2342 951 2365 insieme
972 2349 1022 2364 con
1038 2341 1063 2365 le
1078 2349 1170 2366 mura:
1185 2349 1244 2372 per-

351 2379 396 2404 οἰὸ
407 2381 443 2404 ho
458 2381 602 2405 restituito
616 2381 642 2405 Ia
658 2382 765 2405 lezione
779 2385 927 2406 constructa
944 2383 1039 2405 invece
1053 2382 1096 2406 del
1111 2383 1244 2406 destructa

351 2422 564 2453 dell’apografo.

440 2463 451 2478 ⁴
475 2463 514 2488 La
540 2465 604 2488 data
629 2465 675 2488 del
702 2467 799 2490 nostro
825 2467 948 2490 cronista
973 2465 988 2490 ὲ
1013 2466 1184 2490 confermata
1210 2466 1245 2488 da

352 2505 385 2530 G.
418 2507 554 2534 V1LLAN1,
586 2508 639 2536 Cr.,
670 2506 715 2535 IX,
748 2506 796 2538 138
824 2515 837 2531 e
866 2508 941 2539 dagli
972 2509 1039 2532 Ann.
1072 2508 1183 2535 mediol„
1216 2509 1243 2531 in

354 2549 417 2572 RR.
435 2549 472 2572 II.
489 2548 547 2575 SS.‚
567 2548 639 2575 XVI.
661 2555 726 2580 703;
741 2550 862 2573 secondo
877 2549 947 2573 altre
961 2550 1034 2574 fonti
1051 2550 1162 2574 sarebbe
1173 2552 1244 2573 stata

354 2591 374 2614 il
398 2589 428 2613 16
449 2590 581 2613 sebbraio.
619 2590 647 2614 Si
670 2591 704 2614 cf.
730 2591 874 2621 MomolA,
904 2593 931 2615 in
961 2592 1022 2615 [ΒΕ.
1048 2593 1083 2615 [Ι.
1106 2592 1164 2621 88,
1185 2591 1244 2621 ΧΠ,

356 2638 419 2663 1131
442 2638 481 2663 sg.

440 2672 451 2688 ⁵
462 2674 484 2697 Il
499 2673 609 2705 Tim..
624 2675 739 2704 Dz':.,11,
755 2682 810 2708 107,
824 2677 989 2700 riferendosi
1002 2676 1026 2700 al
1040 2675 1111 2699 fatto
1122 2676 1165 2700 del
1181 2682 1243 2707 1322

355 2715 401 2745 (cs.
423 2723 505 2747 sopra
526 2723 551 2747 p.
571 2714 613 2743 88,
634 2716 663 2739 ll.
685 2715 750 2748 4-5),
771 2718 924 2748 aggiunge:
947 2717 960 2730 “
975 2717 1105 2741 Convicn
1132 2717 1246 2740 dire...

357 2756 369 2768 “
382 2757 430 2781 che
444 2757 483 2788 gli
504 2758 627 2781 abitanti
643 2758 670 2782 di
686 2758 827 2782 Monzone
842 2760 1011 2783 cacciassero
1026 2766 1098 2790 poco
1114 2766 1246 2790 appresso

355 2798 368 2811 “
383 2799 407 2822 lc
427 2801 527 2830 truppe
547 2798 588 2823 de'
607 2800 788 2827 Buonacossi,
803 2799 965 2831 perciocche
985 2801 1073 2832 questi
1098 2800 1170 2824 nella
1189 2801 1245 2831 pri-

358 2840 370 2852 “
383 2848 492 2864 mavera
512 2841 556 2864 del
580 2847 645 2872 1324
665 2849 788 2865 mosscro
808 2850 859 2865 con
880 2844 956 2866 tutto
982 2842 1120 2866 l’esercito
1146 2844 1245 2865 contro

358 2881 370 2894 ‘⁴
382 2882 445 2913 quel
465 2882 590 2910 castello,
605 2890 618 2906 e
632 2882 751 2906 l‘ebbero
766 2890 814 2914 per
828 2884 955 2907 accordo.
992 2884 1034 2907 Da
1048 2884 1100 2907 due
1115 2885 1189 2907 carte
1202 2884 1245 2907 del

358 2924 494 2955 “maggio
508 2925 536 2948 di
551 2924 662 2955 quest’a.
687 2931 759 2956 1324,
781 2925 830 2948 che
849 2925 1031 2949 conservansi
1050 2925 1246 2949 nell’archivio

358 2965 370 2977 “
382 2965 533 2997 dell’opera
544 2967 591 2997 pia
602 2966 738 2997 gencrale,
751 2966 911 2998 raccogliesi
929 2968 957 2990 in
979 2968 1071 2998 primo
1091 2967 1178 2998 luogo
1198 2967 1247 2990 che

358 3007 370 3020 “
383 3007 400 3031 1¹
410 3009 533 3031 incarico
547 3008 619 3032 delle
634 3015 709 3039 spese
724 3015 771 3039 per
785 3009 979 3039 quen’assedio
994 3016 1039 3032 era
1053 3010 1126 3032 stato
1140 3008 1186 3032 dal
1206 3016 1247 3032 co—

1297 1876 1309 1888 “
1323 1884 1404 1900 mune
1419 1877 1530 1900 affidato
1545 1884 1559 1900 a
1570 1876 1670 1900 Grazia
1682 1877 1716 1900 da
1727 1876 1859 1903 Fiorano,
1870 1883 1955 1899 uomo
1967 1875 2142 1898 ricchissimo
2144 1892 2184 1902 .....

1299 1917 1419 1949 “ch’egli
1435 1916 1528 1949 percio
1544 1925 1629 1941 aveva
1645 1919 1729 1941 avuto
1743 1917 1789 1941 dal
1804 1924 1921 1941 comune
1932 1917 2084 1940 medesimo
2099 1915 2188 1940 mille-

1299 1959 1312 1972 “
1325 1960 1449 1984 seicento
1463 1959 1515 1983 lire
1526 1967 1540 1983 e
1549 1960 1598 1982 che
1612 1959 1729 1983 essendo
1741 1961 1815 1983 stato
1827 1960 1956 1982 accusato
1967 1958 1995 1981 di
2008 1965 2073 1982 aver
2084 1957 2188 1981 rivolta

1301 2001 1417 2032 “quella
1431 2008 1538 2025 somma
1559 2009 1572 2024 a
1595 2008 1644 2024 suo
1664 2008 1722 2026 uso.
1742 2008 1787 2024 era
1808 2002 1881 2024 stato
1896 2000 2076 2024 condannato
2095 2006 2111 2023 a
2128 2006 2187 2022 ren-

1300 2044 1313 2057 “
1328 2045 1403 2069 derla
1430 2045 1455 2068 al
1483 2053 1599 2069 comune
1619 2053 1632 2068 e
1652 2053 1666 2068 a
1687 2051 1787 2076 pagare
1806 2052 1861 2068 nna
1881 2044 1967 2067 multa
1994 2043 2021 2066 di
2043 2043 2112 2067 altre
2137 2048 2189 2074 300

1300 2088 1312 2099 “
1323 2088 1388 2114 lire;
1406 2094 1448 2110 ma
1462 2089 1558 2118 questa
1573 2087 1719 2110 condanna
1742 2087 1769 2110 su
1785 2094 1855 2117 poco
1870 2093 2000 2117 appresso
2014 2086 2139 2108 rivocata
2153 2084 2187 2108 da

1300 2129 1424 2160 “lacopo
1445 2129 1518 2153 Sassi
1541 2130 1647 2152 vicario
1668 2129 1795 2160 generale
1816 2129 1857 2152 de'
1878 2128 2048 2152 Bonacossi:
2067 2135 2081 2150 e
2101 2128 2129 2150 in
2149 2133 2188 2150 se-

1301 2171 1313 2183 “
1326 2172 1417 2195 condo
1432 2171 1519 2202 luogo
1540 2172 1588 2194 che
1604 2172 1610 2194 i
1626 2171 1777 2194 Bonacossi
1795 2171 1866 2194 fecer
1886 2171 1999 2193 contare
2016 2175 2083 2201 1400
2095 2169 2148 2192 lire
2161 2168 2188 2192 di

1302 2214 1315 2226 “
1326 2213 1454 2244 Bologna
1476 2221 1489 2237 a
1504 2214 1564 2244 que’
1579 2213 1605 2237 di
1621 2212 1759 2236 Monzone
1780 2213 1888 2244 seguaci
1910 2213 1937 2236 di
1959 2211 2050 2235 Nereo
2067 2212 2095 2234 di
2110 2210 2190 2234 Mon-

1301 2255 1312 2267 “
1326 2256 1465 2286 tegarullo
1487 2263 1533 2287 per
1560 2262 1711 2286 rompenso
1731 2255 1774 2278 del
1795 2255 1890 2278 danno
1911 2254 1943 2278 ad
1963 2253 2018 2277 essi
2038 2254 2130 2277 renato
2155 2253 2189 2276 da

1302 2298 1315 2311 “
1327 2305 1383 2321 non
1405 2305 1435 2321 so
1456 2298 1519 2328 qual
1536 2299 1664 2321 sentcnza
1684 2297 1727 2321 del
1743 2296 1884 2328 Capitano
1897 2296 1925 2320 di
1940 2294 2038 2322 Luoea,
2053 2295 2102 2318 che
2116 2294 2190 2318 forse

1303 2339 1315 2351 “
1328 2347 1393 2363 avea
1409 2341 1517 2363 trattati
1533 2339 1572 2371 gli
1589 2339 1700 2363 articoii
1722 2339 1795 2363 della
1810 2346 1877 2362 resa.
1892 2339 1903 2361 1
1918 2338 2024 2369 signori
2040 2337 2067 2361 di
2081 2336 2190 2360 Monte-

1302 2385 1314 2396 “
1327 2382 1438 2413 garullo
1458 2383 1533 2413 dopo
1559 2382 1585 2405 la
1605 2382 1705 2405 caduta
1724 2381 1766 2405 de’
1788 2381 1940 2405 Bonacossi
1961 2381 2140 2403 rientrarono
2161 2379 2189 2402 in

1303 2425 1455 2455 “possesso
1475 2423 1519 2447 del
1541 2423 1657 2447 castello
1678 2423 1705 2446 di
1725 2422 1898 2451 Monzone„.

1387 2463 1398 2479 ὅ
1419 2465 1463 2489 Cf.
1478 2464 1616 2492 Com-1551,
1632 2466 1659 2488 in
1676 2465 1739 2488 RR.
1757 2465 1794 2488 II.
1809 2464 1867 2493 SS„
1882 2463 1941 2491 XII,
1959 2467 2117 2493 1123-1124;
2132 2462 2190 2486 Lib.

1301 2516 1359 2539 reg.
1374 2508 1494 2533 Paduae.
1514 2508 1581 2531 ediz.
1602 2507 1734 2535 Bonardi‚
1750 2508 1798 2532 ivi.
1811 2506 1885 2533 VIII,
1898 2504 1980 2529 Parte
1993 2505 2012 2534 1,
2028 2512 2053 2535 p.
2069 2509 2127 2536 357.
2141 2503 2191 2535 4-8.

1387 2547 1398 2564 ⁷
1419 2549 1574 2573 Bertrando
1595 2550 1631 2573 du
1651 2549 1759 2582 Poujet.

1387 2589 1398 2606 ⁸
1413 2590 1519 2618 Questa
1535 2599 1626 2614 nuova
1640 2591 1798 2622 pedesteria
1812 2590 1857 2613 del
1872 2589 2019 2613 Tarabotti
2035 2588 2095 2619 (cfr.
2110 2595 2135 2619 p.
2150 2586 2192 2619 83,

1302 2636 1367 2657 nota
1390 2632 1416 2663 8)
1436 2631 1450 2657 ὲ
1470 2633 1668 2656 documentata
1688 2632 1733 2656 dal
1755 2631 1904 2655 novembre
1933 2637 1999 2662 1324
2018 2630 2043 2654 al
2067 2629 2191 2653 febbraio

1305 2674 1370 2706 1326
1390 2676 1490 2705 (Mena,
1508 2683 1531 2699 a.
1549 2681 1622 2706 13²4=
1638 2675 1669 2700 ΙΙ.
1686 2681 1731 2698 nn.
1749 2681 1822 2705 1099.
1840 2673 1918 2704 1169:
1933 2681 1948 2697 a
1965 2670 2038 2704 1326,
2054 2679 2100 2695 nn.
2118 2675 2191 2702 1035,

1305 2717 1378 2748 1318.
1400 2724 1411 2740 2
1435 2717 1476 2740 61.

1389 2757 1400 2773 ⁹
1415 2725 1459 2782 Cf.
1474 2757 1505 2781 T.
1521 2758 1721 2785 Smnomm,
1736 2758 1764 2781 in
1779 2757 1861 2780 Atti
1877 2763 1891 2779 e
1910 2763 2006 2780 mem.
2021 2755 2053 2779 d.
2069 2763 2095 2778 r.
2109 2754 2192 2786 Dep.

1302 2801 1337 2825 di
1366 2800 1417 2824 St.
1439 2809 1469 2832 p.
1501 2807 1560 2831 per
1590 2800 1622 2823 le
1651 2807 1757 2831 prov.
1784 2799 1985 2823 Modenesi.
2012 2796 2060 2829 gia
2086 2798 2142 2823 cit..
2166 2799 2192 2820 1·

1302 2845 1380 2868 serie.
1410 2843 1455 2869 IX,
1484 2841 1570 2874 97-98.
1592 2850 1643 2865 ove
1663 2842 1687 2865 si
1716 2843 1820 2865 mostra
1849 2841 1896 2864 che
1920 2841 1946 2864 la
1976 2848 2068 2864 nuova
2098 2842 2191 2865 costru

1301 2885 1381 2908 zione
1402 2884 1431 2908 fu
1452 2884 1544 2915 quella
1564 2883 1608 2907 del
1635 2883 1746 2914 palazzo
1772 2882 1845 2906 della
1872 2882 2062 2913 Consiglieria
2090 2890 2190 2910 nuova.

1301 2928 1348 2957 poi
1369 2927 1448 2950 detto
1468 2926 1541 2949 della
1554 2925 1650 2957 Spelta
1669 2925 1695 2955 (‘¹
1707 2925 1813 2956 palatio
1833 2924 1913 2948 blave
1925 2922 1960 2956 ν,).
1980 2932 2028 2948 ora
2043 2925 2105 2948 sede
2118 2924 2191 2949 della

1302 2968 1387 2992 Cassa
1407 2968 1434 2991 di
1457 2968 1605 2999 risparmio
1619 2966 1690 2990 sulla
1712 2967 1757 2990 via
1776 2965 1887 2989 Emilia.

1389 3007 1410 3023 ¹⁰
1429 3009 1530 3033 Monza
1551 3010 1571 3031 si
1594 3015 1682 3032 ari-ese
1703 3008 1728 3032 al
1749 3007 1878 3031 visconti
1899 3007 1920 3031 il
1945 3014 1976 3032 10
1994 3007 2140 3032 dlcembre.

2209 856 2245 887 10

2211 1109 2245 1140 15

2215 1920 2250 1946 4ο

2217 2129 2247 2155 45

2218 2338 2251 2365 50

2219 2548 2250 2574 55

2219 2748 2254 2772 00

2220 2954 2252 2985 65
