2370 3603
68 835 105 866 10

69 1098 104 1129 15

131 236 214 273 [ΛΑ.
235 237 430 272 12454246]
749 229 1005 269 IOHANNIS
1035 230 1105 268 DE
1135 232 1354 270 BAZANO

130 362 292 397 Parmae:
312 361 370 401 [et]
387 360 434 391 ibi
458 360 550 392 stetit
572 370 633 401 per
657 362 703 403 v]'⁰
727 361 799 391 dies
815 361 866 391 vel
886 360 994 392 circa:
1020 367 1138 402 postea
1155 361 1218 392 ivit
1234 361 1409 392 Veronam
1434 370 1536 392 causa
1555 361 1705 393 ducendi
1722 371 1863 393 uxorem
1879 373 1973 394 suam

130 425 217 456 quae
242 420 315 445 erat
338 414 450 455 neptis
473 413 580 443 Ducis
604 412 776 447 Austriae,
800 414 863 444 sed
887 423 961 444 eam
986 423 1054 445 non
1078 414 1196 445 habuit
1214 423 1279 445 nec
1297 413 1423 444 habere
1440 414 1550 454 potuit
1565 413 1582 444 ¹.
1630 414 1675 445 Et
1698 414 1792 446 dicto
1817 420 1972 457 tempore

131 467 186 499 die
211 467 309 497 lunae
333 464 385 509 iij⁰
409 465 480 496 iulii
503 465 632 508 Regini
656 465 816 496 fecerunt
840 467 927 497 inter
951 476 1009 498 eos
1032 466 1066 496 in
1092 466 1230 497 civitate
1247 476 1407 508 magnum
1425 472 1588 497 sturmum
1614 473 1648 497 et
1672 467 1830 498 dominus
1855 468 1974 500 Simon

131 519 257 551 domini
277 518 444 560 Johannis
466 517 640 548 Bonifacii
665 518 707 549 de
732 518 811 549 filiis
834 519 1096 550 Manfredorum
1114 524 1147 550 et
1165 518 1322 549 dominus
1339 518 1600 561 Manrangonus
1617 518 1738 560 Jacobi
1756 519 1879 563 Bonici
1897 532 1973 552 cum

130 581 253 615 magna
277 571 405 602 milicia
429 577 463 602 et
486 570 701 602 multitudine
726 571 845 612 populi
871 572 1083 603 intraverunt
1106 572 1140 602 in
1165 571 1335 602 civitatem
1352 571 1455 613 Regii
1474 581 1536 612 per
1552 571 1620 602 vim
1645 577 1679 602 et
1702 577 1836 613 portam
1855 573 1973 605 Sancti

131 624 225 656 Petri
250 624 364 655 dictae
390 623 538 654 civitatis
562 623 837 656 combusserunt:
863 629 896 655 et
912 624 1066 655 similiter
1084 624 1140 655 die
1159 624 1273 655 martis
1298 623 1453 666 sequenti
1471 624 1601 654 factum
1619 624 1685 655 fuit
1708 630 1871 656 sturmum
1888 626 1974 657 inter

130 677 324 718 praedictas
348 682 473 717 partes,
498 675 608 706 silicet
632 676 862 707 Robertorum
880 683 912 707 et
929 676 1065 708 illorum
1083 677 1126 707 de
1145 677 1255 713 Sesso,
1275 683 1308 707 et
1325 676 1420 708 dicta
1437 676 1618 708 occasione
1636 676 1783 709 Roberti
1801 678 1977 721 fug-ierunt

130 730 173 761 de
199 729 337 760 civitate
361 728 466 771 Regii
491 734 525 760 et
549 728 682 759 iverunt
706 729 907 766 Bononiam,
932 735 965 760 et
990 729 1064 770 ipsa
1090 740 1193 760 causa
1217 730 1356 760 fuerunt
1379 729 1480 770 positi
1506 729 1539 759 in
1563 729 1676 761 banno
1701 730 1919 771 Imperatoris
1943 739 1977 763 et

130 783 306 814 devastata
329 781 400 813 eius
423 781 514 812 bona
538 781 689 823 undique
714 781 773 813 ubi
799 787 906 819 erant,
931 782 966 812 in
985 782 1121 813 civitate
1145 781 1249 824 Regii
1273 787 1307 812 et
1333 788 1428 812 extra
1510 782 1595 813 Item
1620 782 1712 814 dicto
1737 788 1891 825 tempore
1915 785 1976 816 do-

130 835 239 866 minus
263 834 456 875 Imperator
479 833 685 865 Fredericus
701 834 762 865 ivit
780 844 856 865 cum
880 844 1004 877 magno
1028 834 1184 865 exercitu
1209 834 1245 864 in
1263 834 1455 865 districtum
1474 834 1667 866 Mediolani
1685 845 1788 876 supra
1812 836 1976 868 fossatum

130 887 221 918 unde
246 885 317 917 ibat
340 886 505 917 Tesinum
531 891 564 917 et
588 891 669 917 tunc
702 885 979 918 Mediolanenses
1002 892 1036 917 et
1060 886 1254 918 Brixienses
1287 886 1465 918 exiverunt
1498 886 1635 918 obviam
1660 887 1692 918 ei
1717 898 1819 929 supra
1847 888 1976 920 dictum

129 940 304 976 fossatum,
329 939 423 981 quod
447 944 520 970 erat
544 939 646 982 longe
672 949 691 969 a
715 939 852 970 civitate
876 938 1070 970 Mediolani
1087 938 1168 982 xvij.
1186 938 1353 975 milliaria,
1372 944 1406 969 et
1423 938 1469 969 ibi
1494 944 1659 970 steterunt
1674 945 1753 971 ante
1770 951 1846 972 eum
1865 944 1976 974 donec

130 992 241 1024 dictus
265 992 454 1034 Imperator
478 990 604 1023 stetit3.
652 992 737 1023 Item
762 992 885 1023 eodem
909 998 1061 1032 tempore
1086 991 1216 1023 factum
1242 997 1276 1022 et
1300 990 1508 1023 celebratum
1534 991 1602 1023 fuit
1627 992 1809 1024 concilium
1833 1005 1896 1035 per
1913 995 1975 1026 do-

130 1045 258 1076 minum
281 1044 411 1086 Papam
434 1044 468 1075 in
494 1045 634 1076 civitate
658 1044 785 1076 Leonis
809 1055 911 1086 supra
935 1044 1131 1082 Rodanum,
1170 1044 1204 1075 in
1229 1055 1298 1086 quo
1323 1044 1391 1075 lata
1414 1044 1481 1075 fuit
1509 1045 1685 1076 sentencia
1716 1052 1835 1078 contra
1866 1047 1977 1088 ipsum

132 1098 307 1130 dominum
331 1098 553 1129 Fredericum
578 1098 838 1139 Imperatorem3
857 1098 892 1128 in
909 1107 978 1139 quo
996 1097 1146 1128 concilio
1164 1097 1302 1129 fuerunt
1319 1097 1457 1140 ccchzij.
1482 1097 1647 1139 Episcopi
1662 1104 1696 1129 et
1711 1098 1977 1142 Archiepiscopi

129 1156 163 1182 et
186 1149 363 1182 Patriarca
380 1150 679 1181 lerosolomitanus
696 1156 728 1181 et
746 1149 922 1181 Patriarca
945 1149 1345 1191 Constantinopolitanus
1361 1155 1394 1180 et
1411 1149 1650 1181 Antiochenus
1661 1150 1682 1182 ⁴.
1730 1150 1829 1183 'Item
1853 1153 1976 1184 eodem

130 1210 281 1245 tempore
305 1203 462 1235 dominus
484 1203 680 1235 Bernardus
704 1202 847 1234 Rubeus
871 1203 913 1234 de
939 1201 1062 1233 Parma
1087 1212 1163 1233 cum
1188 1202 1264 1233 filiis
1295 1202 1364 1233 suis
1395 1208 1428 1233 et
1460 1213 1537 1234 cum
1564 1203 1678 1235 multis
1707 1204 1780 1235 aliis
1804 1205 1847 1236 de
1878 1212 1975 1246 parte

129 1267 189 1287 sua
213 1256 389 1298 fugierunt
414 1256 456 1287 de
482 1256 619 1287 civitate
643 1255 786 1287 Parmae
811 1261 846 1286 et
871 1255 957 1286 facti
981 1255 1120 1287 fuerunt
1143 1254 1291 1287 rebelles
1316 1255 1450 1296 imperii
1466 1255 1486 1287 ⁷¹.

222 1309 388 1340 Dominus
413 1309 527 1341 Guido
552 1309 729 1351 Maracius
754 1309 796 1340 de
821 1308 951 1340 Sancto
976 1308 1114 1349 Nacaro
1131 1308 1174 1339 de
1207 1308 1314 1349 Papia
1342 1307 1499 1340 Potestas
1532 1308 1688 1342 Mutinae
1713 1310 1747 1341 in
1771 1310 1934 1354 M.ccxlv]'
1952 1311 1973 1343 ⁶.

66 1363 108 1393 20
132 1362 234 1394 Dicto
259 1368 413 1403 tempore
438 1361 471 1392 in
497 1361 614 1403 vigilia
639 1361 789 1392 omnium
814 1361 1019 1392 Sanctorum
1036 1361 1115 1392 Rex
1139 1361 1312 1392 Henricus
1336 1361 1424 1392 filius
1448 1361 1666 1403 Imperatoris
1690 1363 1869 1396 Frederici
1894 1375 1976 1396 con-

130 1415 230 1446 duxit
254 1425 370 1446 secum
395 1415 429 1446 in
454 1414 699 1446 Lombardiam
734 1414 906 1445 dominum
932 1413 1134 1455 Jacopinum
1167 1420 1200 1445 et
1231 1414 1438 1446 Gulielmum
1469 1415 1511 1446 de
1544 1416 1771 1458 Rangonibus
1800 1427 1876 1448 cum
1909 1429 1976 1450 xxv

217 1577 241 1600 4.
261 1569 368 1593 domini
388 1570 415 1592 in
434 1569 468 1594 A.
489 1569 502 1592 ὲ
520 1570 610 1593 scritto
630 1571 656 1593 in
676 1570 797 1601 margine
816 1571 842 1593 ia
862 1570 943 1601 luogo
963 1570 992 1593 di
1009 1576 1042 1593 un
1061 1569 1130 1593 dicti
1150 1571 1308 1599 cancellato,·
1328 1570 1359 1593 nc*-
1378 1571 1406 1594 la
1429 1571 1528 1594 lezione
1551 1571 1646 1596 de....
1667 1573 1694 1595 et
1709 1572 1840 1603 Joannes‚
1860 1581 1928 1597 come
1946 1582 1974 1597 se

129 1621 259 1638 manca-ese
278 1614 301 1636 il
317 1616 405 1637 casato
425 1614 454 1636 de·
472 1613 583 1643 Simone,
603 1613 670 1638 data
689 1614 716 1636 in
737 1614 792 1642 Cr„
813 1614 845 1636 Ιια
858 1613 1045 1645 fondamento:
1065 1614 1090 1636 le
1103 1617 1216 1644 persone
1235 1615 1280 1645 qui
1296 1615 1425 1637 nominate
1444 1622 1505 1638 sono
1530 1615 1580 1638 due
1597 1616 1660 1644 sole,
1681 1615 1785 1639 Simone
1804 1617 1949 1650 Mansredi
1966 1627 1980 1641 e

130 1659 300 1689 Marangonc
320 1658 432 1687 Bonim}
453 1659 564 1681 iouanis
583 1657 713 1681 bonefaci
732 1657 765 1681 de
784 1656 836 1681 filis
857 1657 904 1687 A.;
925 1657 1117 1688 Marangonus
1136 1657 1217 1681 Iacoli
1241 1658 1298 1683 Cr..
1319 1658 1424 1684 Boniti,
1445 1659 1487 1687 A„
1509 1660 1553 1683 Cr.
1573 1673 1605 1676 -
1633 1665 1656 1690 5.
1681 1660 1857 1684 multitudini
1879 1662 1922 1685 Cr.
1944 1675 1976 1679 —

131 1701 156 1726 6.
169 1702 361 1726 conbuxerant
380 1701 429 1730 A.;
449 1702 646 1726 combuxerunt
669 1703 713 1725 Cr.
733 1715 765 1718 —
785 1707 808 1732 7.
830 1709 851 1725 s.
871 1702 940 1726 Rub.
961 1701 1015 1724 A.-
1028 1701 1125 1731 silicet,
1139 1709 1188 1726 om,
1202 1702 1246 1725 Cr.
1257 1715 1267 1719 -
1281 1701 1308 1725 di
1322 1709 1382 1726 seso
1396 1703 1429 1725 A.
1446 1717 1476 1719 —
1497 1703 1520 1727 8.
1535 1703 1647 1727 boniam
1668 1703 1703 1727 A.
1716 1716 1726 1721 -
1740 1711 1772 1727 ex
1791 1705 1852 1736 ipsa
1869 1706 1922 1734 Cr„
1937 1714 1978 1729 ma

84 1751 97 1776 5
123 1750 195 1777 pare
208 1746 339 1776 piuttosto
358 1747 386 1768 et
405 1746 442 1776 ip.
462 1746 489 1768 in
509 1746 560 1775 A.;
579 1747 606 1769 et
625 1746 665 1776 ip.
685 1744 741 1769 Aa.
762 1759 794 1762 —
817 1752 855 1769 1ο.
876 1745 1006 1769 districtu
1025 1745 1068 1771 A..
1088 1745 1175 1774 MUR„
1199 1746 1243 1770 Cr.
1263 1759 1294 1763 —
1318 1753 1358 1769 11.
1379 1746 1505 1770 Tisinum
1525 1747 1570 1775 A„
1590 1747 1666 1771 Mun.
1686 1760 1717 1763 —-
1740 1755 1778 1771 12.
1799 1755 1883 1772 xxvn
1903 1750 1975 1773 mill.

50 2026 82 2044 10

65 2440 98 2457 20

65 2858 99 2883 30

130 1790 206 1814 Mun.
227 1803 259 1807 —
283 1797 321 1820 14.
341 1790 479 1813 sententia
500 1790 585 1816 Mure,
610 1791 654 1814 Cr.
674 1803 705 1806 —-
729 1795 767 1820 15.
787 1790 933 1820 archipisc.
953 1789 986 1812 A.
1007 1804 1038 1807 -—
1063 1789 1102 1814 16.
1122 1791 1149 1813 et
1169 1791 1238 1822 petr.
1257 1790 1309 1813 Ier.
1328 1792 1355 1814 et
1376 1792 1430 1822 pet.
1450 1792 1538 1815 const.
1558 1791 1609 1821 A.3
1622 1791 1830 1824 Hierosolymit.
1846 1793 1923 1817 Mun.
1943 1807 1975 1811 —

133 1833 220 1858 16-18.
240 1834 370 1858 Item....
391 1834 511 1864 imperii,
531 1841 578 1857 om.
599 1833 676 1858 Mun.
697 1847 728 1850 —-
750 1839 789 1864 17.
809 1841 868 1858 com
889 1833 950 1857 fibis
971 1833 1086 1863 A.,·cum
1100 1834 1200 1858 liberis
1218 1833 1286 1864 Aa„
1310 1835 1354 1858 Cr.
1368 1847 1378 1851 -
1391 1834 1451 1858 allis
1472 1834 1505 1859 A.
1524 1848 1556 1852 —
1573 1835 1612 1860 18.
1625 1835 1703 1866 Dopo
1715 1839 1801 1867 questo
1816 1838 1977 1870 paragrafo

130 1879 155 1901 il
171 1878 250 1902 Mun.
269 1877 349 1901 inser}
364 1881 433 1901 tutta
446 1878 473 1901 la
493 1878 593 1901 nott'zia
613 1878 658 1901 del
673 1882 746 1907 1245
758 1878 823 1902 data
837 1878 882 1901 dai
895 1878 1004 1909 Fragm.
1019 1891 1050 1894 —
1068 1884 1106 1907 19.
1128 1878 1266 1902 Marazius
1285 1878 1318 1902 A.
1334 1882 1384 1908 per
1402 1879 1551 1903 correzione
1570 1879 1598 1902 di
1617 1888 1650 1903 un
1658 1880 1800 1910 primitivo
1820 1880 1976 1911 Maraciu83

131 1922 270 1946 Marazius
283 1922 377 1951 MUR.;
398 1922 534 1945 Maratius
557 1922 618 1951 Cr.;
637 1922 756 1945 Nazario
777 1921 854 1946 Mun.
874 1935 905 1939 —-
926 1928 999 1953 20-p.
1014 1921 1056 1951 26,
1069 1922 1086 1945 1.
1108 1928 1130 1945 2.
1152 1922 1299 1946 Dicto....
1320 1922 1485 1951 habuerunt,
1500 1930 1547 1947 om.
1561 1923 1638 1948 Mun.
1652 1937 1684 1941 -
1706 1930 1746 1948 20.
1767 1931 1812 1948 rex
1825 1925 1923 1949 arnius
1944 1925 1976 1948 A.

216 2018 223 2034 ¹
244 2019 379 2044 Federico
398 2019 425 2042 II
443 2018 524 2043 entre
545 2019 574 2043 in
596 2019 694 2043 Parma
714 2019 732 2042 il
747 2018 780 2043 26
795 2019 922 2051 maggi03
935 2026 952 2043 a
966 2020 1019 2043 Ve-

128 2069 197 2085 rona
216 2060 311 2085 arrivc'»
331 2061 350 2084 il
371 2068 383 2084 2
411 2061 516 2093 giugno
544 2061 707 2090 (Boanum,
734 2063 814 2092 Reg„
834 2070 861 2085 n,
887 2067 953 2093 3475
967 2062 1020 2092 a-c)

128 2103 139 2115 “
153 2103 328 2135 expectando
348 2105 459 2135 neptem
473 2103 553 2126 ducis
567 2103 682 2127 Austrie
696 2101 852 2134 [Geltrude‚
867 2103 964 2136 nipote
978 2103 1022 2126 del

127 2144 139 2155 ‘¹
152 2145 223 2169 duca
242 2143 385 2174 Federico]
407 2146 437 2167 ut
456 2151 515 2168 eam
536 2144 714 2176 desponsaret
733 2145 760 2168 et
779 2145 973 2169 transduceret
993 2147 1022 2168 in

127 2187 329 2217 “consortem·⁷
354 2194 417 2209 cum
444 2188 535 2210 autem
556 2186 675 2210 domnus
695 2186 748 2209 dux
768 2186 884 2210 Austrie
909 2185 1023 2210 manda-

127 2228 139 2240 “
151 2230 210 2252 tum
230 2227 414 2260 apostolieum
428 2227 586 2259 recepisset,
601 2228 632 2250 ut
645 2227 776 2259 quamdiu
791 2228 909 2251 domnus
928 2227 1023 2251 Fride-

127 2270 224 2293 “ricus
244 2269 274 2292 in
293 2269 472 2293 contumacia
499 2270 690 2300 perseveraret
709 2276 771 2292 cum
792 2269 920 2298 ecclesia,
947 2269 1022 2292 nullo

127 2310 232 2335 “modo
251 2318 328 2335 suam
349 2313 458 2343 neptem
479 2311 509 2334 in
528 2310 677 2342 coniugem
696 2311 720 2334 ei
735 2311 821 2339 daret,
836 2311 948 2334 distulit
964 2311 1022 2343 ipse

127 2354 270 2377 “domnus
289 2353 343 2376 dux
363 2355 390 2376 et
416 2352 506 2376 noluit
531 2359 591 2376 eam
617 2352 709 2382 dare„
739 2352 817 2383 (Arm.
843 2351 971 2382 Jamaens.
992 2353 1021 2376 in

126 2396 166 2418 M.
192 2395 234 2424 G.,
253 2394 354 2423 XVIII,
376 2394 445 2425 219).

213 2434 224 2450 ‘2
243 2436 332 2467 Supra
351 2436 377 2459 la
396 2436 522 2459 caeciata
543 2435 570 2458 di
596 2437 674 2467 parte
693 2435 785 2467 guelta
805 2436 840 2460 da
858 2437 967 2467 Reggio
986 2435 1022 2460 ct'.

126 2479 201 2507 Tm„
220 2479 311 2507 Mem„
323 2477 359 2506 11,
372 2477 462 2507 65-66.
501 2477 512 2500 I
532 2477 595 2508 capi
615 2477 657 2501 del
670 2476 745 2501 fatto
758 2477 802 2501 del
823 2484 837 2509 3
851 2477 937 2508 luglio
951 2484 1022 2501 sono

127 2520 195 2545 detti
216 2520 370 2544 “dominus
383 2520 497 2544 Simone
516 2520 547 2543 de
567 2519 720 2544 Manfredis
734 2520 762 2543 et
781 2520 911 2544 domiuus
931 2521 1023 2544 Mara·-

127 2562 140 2575 “
152 2569 241 2586 vonus
255 2562 288 2586 de
307 2561 421 2585 Bonicis
434 2580 446 2593 „
469 2561 511 2585 nel
532 2562 676 2591 Aleonpot.
693 2562 764 2593 Reg.
779 2561 809 2585 in
829 2561 891 2585 RR.
907 2562 946 2585 ll.
962 2562 1022 2590 SS„

127 2603 202 2633 VIII,
225 2602 291 2627 1116
310 2611 324 2628 e
344 2604 386 2627 nel
406 2603 466 2627 Lib.
493 2603 524 2626 de
542 2606 648 2633 tempor.
669 2603 697 2626 in
718 2603 759 2626 M.
784 2603 827 2632 G„
847 2603 949 2632 XXXI,
964 2607 1022 2633 517.

86 2650 95 2656 “
127 2646 215 2679 Sopra
234 2646 349 2670 Simone
367 2643 511 2669 Manfredi
530 2646 554 2669 si
573 2645 645 2669 veda
663 2651 678 2668 a
698 2652 724 2676 p.
746 2649 787 2675 27,
809 2646 875 2669 nota
899 2651 922 2668 ι’.

216 2685 227 2701 3
247 2686 435 2712 L'invasione
449 2686 492 2710 del
507 2687 641 2711 Milanese
661 2687 695 2710 da
716 2687 794 2719 parte
808 2686 836 2710 di
851 2686 983 2710 Federico
996 2686 1022 2710 ΙΙ

128 2729 159 2752 tu
177 2729 198 2752 il
218 2736 234 2760 4
253 2729 377 2753 ottobre:
400 2728 408 2751 i
429 2728 561 2752 Milanesi
575 2728 615 2760 gli
629 2728 775 2752 andarono
789 2727 921 2752 incontro
937 2728 949 2741 (ί
960 2729 1022 2752 lon-

129 2771 186 2803 “ge
204 2778 221 2795 a
239 2770 357 2794 civitate
377 2770 510 2794 miliariis
531 2770 603 2793 xiiii.
624 2776 708 2801 usque
726 2769 762 2793 ad
782 2769 888 2794 fossata
906 2776 958 2801 que
984 2769 1022 2794 fe-

129 2813 250 2837 “cerunt
269 2819 318 2845 per
342 2811 452 2836 alveum
472 2811 609 2835 Ticinelli
622 2830 634 2842 ,‚
656 2811 736 2841 (Anu.
758 2810 825 2841 Jan.
846 2811 876 2834 in
902 2812 966 2835 RR.
981 2812 1021 2835 Il.

129 2855 189 2883 SS„
217 2854 264 2884 VI,
291 2859 341 2886 509
366 2861 381 2878 e
405 2853 447 2877 Μ.
472 2853 513 2882 G„
541 2852 649 2883 XVIII,
678 2852 754 2883 219):
776 2860 791 2876 e
810 2852 837 2881 'l’
847 2853 1020 2886 imperatore,

128 2896 201 2928 dopo
216 2895 278 2920 vari
296 2895 430 2920 tentativi
450 2903 497 2928 per
516 2902 628 2927 passare
648 2894 668 2918 i]
690 2894 841 2924 Ticinello,
855 2894 879 2918 si
898 2894 980 2919 ritiro
1000 2895 1021 2918 il

131 2944 160 2961 12
174 2938 323 2962 novembre
342 2944 356 2960 e
374 2935 449 2960 ande
469 2937 499 2960 in
520 2937 650 2961 Toscana
670 2936 833 2968 (Boanum,
854 2944 902 2960 nn.
917 2941 985 2968 3514
993 2945 1022 2961 a-

128 2978 196 3011 3518
206 2980 244 3010 a.)

1165 2018 1176 2034 ⁴
1196 2020 1335 2052 Apertura
1355 2019 1398 2044 del
1418 2020 1543 2044 concilio
1564 2020 1593 2044 di
1606 2021 1705 2050 Lione,
1720 2021 1752 2045 26
1771 2021 1875 2054 giugno
1893 2027 1974 2053 12453

1080 2062 1107 2086 la
1127 2063 1254 2086 sentenza
1275 2062 1302 2085 di
1324 2062 1500 2094 deposizione
1524 2063 1625 2086 contro
1651 2063 1783 2087 Federico
1807 2063 1834 2087 II
1855 2063 1886 2087 fu
1910 2071 1975 2096 pro-

1080 2102 1214 2126 nunciata
1235 2102 1255 2125 il
1279 2108 1306 2132 17
1329 2102 1434 2133 lug1i07.
1460 2103 1493 2126 ed
1518 2102 1573 2134 egli
1600 2110 1634 2126 ne
1659 2103 1724 2127 ebbe
1750 2103 1856 2128 notizia
1878 2111 1973 2136 presso

1079 2143 1186 2166 Torino
1205 2143 1264 2166 alla
1282 2143 1335 2167 fine
1356 2143 1383 2166 di
1404 2143 1493 2175 Iuglio
1508 2143 1674 2174 (BOEHMER,
1689 2151 1715 2168 n.
1730 2145 1848 2176 34903).
1887 2145 1909 2167 Il
1924 2152 1975 2168 nu-

1079 2192 1154 2209 mero
1174 2184 1217 2208 dei
1238 2184 1352 2208 vescovi
1373 2185 1542 2209 intervenuti
1567 2185 1595 2209 al
1621 2186 1746 2210 concilio
1766 2186 1795 2209 fu
1815 2187 1843 2210 di
1868 2192 1931 2217 150:
1946 2187 1973 2210 la

1077 2226 1149 2250 cisra
1170 2226 1235 2250 data
1249 2227 1296 2250 dal-
1311 2228 1408 2250 nostro
1422 2226 1548 2251 cronista
1560 2228 1728 2260 comprende
1741 2229 1910 2253 certamente
1923 2236 1972 2252 an-

1078 2268 1127 2291 che
1141 2268 1180 2299 gli
1195 2268 1271 2291 abati
1285 2276 1299 2291 e
1312 2267 1414 2300 prelati
1429 2268 1532 2292 minori
1548 2267 1595 2299 (cf.
1616 2269 1771 2298 Romnum,
1786 2277 1813 2293 n.
1827 2274 1896 2301 7544
1907 2270 1971 2300 a-b).

1079 2309 1132 2332 Nei
1151 2309 1263 2340 Fragm.
1282 2316 1353 2332 sono
1371 2310 1535 2340 particolari
1550 2311 1649 2334 omessi
1670 2311 1714 2334 dal
1727 2312 1824 2335 nostro
1842 2312 1975 2336 cronista.

1166 2349 1176 2364 5
1197 2350 1303 2377 Questo
1322 2350 1395 2374 tatto
1417 2351 1539 2375 accadde
1563 2351 1656 2384 prima
1681 2351 1905 2377 dell‘invasione
1930 2353 1974 2378 del

1078 2391 1221 2421 Milanese,
1242 2399 1255 2415 e
1274 2391 1304 2415 fu
1324 2391 1491 2424 nell'agosto
1511 2399 1528 2416 o
1548 2393 1709 2417 settembre:
1728 2393 1861 2418 Federico
1886 2392 1899 2405 α
1910 2401 1974 2418 cum

1079 2432 1331 2457 “intellexisset...
1343 2451 1348 2456 .
1369 2433 1443 2465 quod
1462 2434 1590 2458 homines
1610 2435 1739 2459 civitatis
1758 2435 1856 2459 Parme
1874 2437 1974 2461 contra

1079 2474 1194 2507 “ipsum
1214 2474 1330 2498 rebelles
1348 2474 1451 2499 fiebant
1469 2476 1497 2499 et
1516 2476 1589 2508 parti
1609 2476 1727 2501 ecclesie
1744 2477 1876 2502 adherere
1899 2478 1974 2502 vole-

1079 2516 1090 2528 “
1102 2516 1178 2545 bant,
1193 2515 1360 2540 festinanter
1373 2516 1428 2540 ivit
1441 2516 1509 2540 illuc
1524 2518 1550 2541 et
1565 2517 1685 2541 intravit
1698 2518 1842 2543 civitatem
1857 2519 1957 2543 Parma
1968 2528 1974 2542 τ

1079 2557 1258 2581 “Bernardus
1278 2564 1344 2582 vero
1363 2557 1472 2590 Ugonis
1496 2559 1593 2589 Rubei,
1614 2559 1661 2591 qui
1686 2560 1776 2592 capud
1801 2562 1862 2584 erat
1885 2561 1974 2593 partis

1079 2598 1091 2610 ‘¹
1103 2598 1227 2627 ecclesie,
1247 2599 1344 2633 statim
1363 2607 1426 2623 cum
1447 2600 1574 2632 pluribus
1597 2601 1629 2625 de
1648 2608 1697 2626 sua
1716 2603 1797 2635 parte
1816 2602 1846 2625 in
1872 2609 1973 2634 magna

1079 2640 1259 2671 “quantitate
1279 2640 1400 2664 militum
1426 2641 1514 2665 exivit
1540 2642 1572 2666 de
1599 2642 1725 2675 Parma„
1747 2643 1826 2674 (Anu.
1849 2643 1916 2674 Jan.
1944 2645 1973 2668 in

1078 2682 1141 2705 RR.
1163 2681 1204 2704 ΙΙ.
1226 2682 1286 2710 SS„
1308 2682 1355 2711 VI,
1381 2687 1431 2713 509
1450 2691 1464 2706 e
1482 2683 1524 2706 M.
1555 2683 1596 2713 G„
1622 2684 1725 2714 XVIII,
1753 2684 1822 2717 219).
1860 2685 1883 2709 Il
1911 2686 1972 2710 Cltr.

1073 2727 1173 2754 parm,
1191 2724 1261 2747 ediz.
1276 2724 1404 2753 Bonazzi,
1425 2733 1450 2757 p.
1473 2731 1511 2756 13,
1527 2725 1543 2749 1.
1560 2732 1639 2755 19-20
1651 2726 1758 2759 precisa
1771 2727 1823 2751 che
1835 2727 1875 2759 gli
1889 2728 1973 2751 usciti

1078 2765 1180 2789 turono
1201 2766 1273 2789 tutta
1293 2766 1320 2789 la
1342 2764 1431 2798 “pars
1453 2767 1569 2791 ecclesie
1594 2767 1721 2792 civitatis
1747 2769 1853 2797 Parme,
1881 2769 1973 2792 silicet

1080 2807 1176 2839 “Lupi
1197 2808 1223 2831 et
1244 2806 1288 2830 illi
1309 2807 1340 2831 de
1361 2807 1477 2840 Corigia
1496 2809 1522 2832 et
1541 2808 1630 2833 Rubei
1641 2826 1663 2839 η.

1166 2846 1177 2862 6
1197 2849 1357 2873 Podesteria
1377 2849 1573 2874 documentata
1602 2849 1699 2881 (Arch.
1728 2853 1821 2886 capit.‚
1842 2852 1913 2877 Cod.
1939 2851 1972 2881 O,

1077 2890 1112 2919 II,
1135 2897 1173 2919 11.
1193 2897 1216 2915 c.
1237 2890 1318 2922 234):
1336 2890 1489 2916 l’esnttezza
1510 2891 1553 2916 dei
1573 2893 1650 2916 nomi
1670 2892 1684 2917 e
1703 2894 1878 2918 confermata
1897 2894 1971 2926 dagli

1083 2932 1136 2956 atti
1156 2932 1229 2956 della
1243 2939 1294 2956 sua
1307 2932 1465 2965 padesteria
1478 2933 1654 2966 parmigiana
1668 2935 1711 2959 del
1730 2942 1794 2967 1²44
1810 2935 1856 2963 (cf.
1878 2933 1967 2967 Ars-b,

1079 2974 1119 2997 St.
1140 2973 1291 3004 Parm.,HI,
1312 2973 1382 3006 380).

2003 2068 2034 2095 35

2002 2278 2036 2302 40

2003 2486 2034 2511 45

2003 2694 2036 2719 50

2001 2900 2032 2926 55
