2370 3603
64 824 101 854 10

65 1086 100 1116 15

67 1817 97 1834 10

62 2267 96 2285 ²0

62 2690 96 2714 30

62 2899 92 2924 35

128 234 178 269 [A.
199 235 293 269 ηις]
744 227 1001 265 IOHANNIS
1030 228 1102 265 DE
1129 227 1351 264 ΒΑΖΑΝΟ

129 296 1966 307 .........................................................................................................................................................................................................

125 353 159 380 et
174 353 256 379 tunc
273 347 335 379 filii
353 347 483 380 domini
500 347 678 380 Francisci
692 347 868 378 redierunt
884 347 1050 378 Mutinam
1065 346 1083 378 ¹.
1109 346 1241 378 Eodem
1258 345 1437 378 millesimo
1451 346 1493 377 de
1506 355 1622 377 mense
1636 344 1772 388 augusti
1786 344 1846 376 ivit
1857 344 1969 385 Impe-

126 407 217 432 rator
233 401 267 432 in
285 401 498 433 obsidionem
516 401 682 433 Senatum
708 400 858 432 civitatis
882 401 1040 433 Etruriae
1058 407 1092 432 et
1107 400 1230 431 stando
1246 399 1294 431 ibi
1317 399 1464 431 infinitas
1487 399 1624 441 rapinas
1648 399 1733 431 fecit
1757 398 1790 430 in
1809 398 1970 430 comitatu

126 453 184 485 illo
196 460 229 485 et
243 454 334 496 cepit
350 454 455 486 multa
472 460 584 486 castra
600 460 634 484 et
650 454 684 484 in
699 453 788 484 festo
801 453 1046 495 assumpcionis
1058 453 1180 485 beatae
1198 452 1352 495 Virginis
1367 452 1499 484 Mariae
1517 452 1747 484 comunicavit
1758 461 1795 483 se
1812 451 1855 483 de
1868 461 1970 482 manu

125 505 301 538 cuiusdam
326 506 442 538 fratris
464 505 632 538 Bernardi
658 505 785 536 ordinis
810 506 951 536 fratrum
977 505 1254 546 praedicatorum
1272 504 1315 536 de
1333 504 1452 536 Monte
1470 503 1655 547 Pulicano,'
1673 503 1729 546 qui
1747 503 1854 535 frater
1872 503 1968 534 dedit

124 559 220 590 dicto
236 558 439 600 Imperatori
454 564 703 590 sacramentum
717 558 807 598 [cum
821 558 979 599 venen0].
997 556 1068 594 Qui
1086 557 1224 600 quidem
1241 557 1430 599 Imperator
1445 556 1529 590 vixit
1544 567 1650 599 usque
1663 557 1707 588 ad
1720 557 1845 588 festum
1861 555 1971 587 sancti

124 611 367 650 Bartolomaei‚
385 612 477 654 quod
494 618 545 643 est
561 611 654 654 xxiiij
680 611 804 642 mensis
827 611 974 654 aug-usti,
991 617 1026 642 et
1049 610 1182 642 interim
1211 610 1384 642 ordinavit
1408 617 1442 642 et
1467 610 1632 652 disposuit
1661 610 1704 641 de
1732 609 1885 641 exercitu
1913 608 1970 651 qui

125 670 207 696 tunc
232 671 305 696 erat
329 675 406 696 cum
423 672 474 696 eo.
522 663 616 696 Obiit
632 670 746 696 autem
771 665 893 696 eodem
911 664 967 695 die
983 664 1093 695 sancti
1110 663 1340 694 Bartolomaei
1358 670 1392 695 et
1409 673 1534 704 corpus
1550 663 1615 694 fuit
1630 667 1803 704 portatum
1819 661 1914 693 Pisas
1936 666 1970 692 et

125 717 330 750 collocatum
346 718 381 749 in
398 717 715 759 Archiepiscopatu
731 717 765 748 in
783 717 902 748 maiori
920 716 1066 748 ecclesia
1083 716 1270 748 honorifice
1287 722 1323 748 ut
1341 715 1486 748 decebat
1494 715 1515 748 ².
1563 715 1628 747 Hic
1652 721 1766 746 autem
1783 715 1971 756 Imperator

124 771 281 812 regnavit
304 781 325 802 a
347 771 402 802 die
426 770 657 802 coronationis
681 779 761 801 suae
786 770 921 802 ferreae
947 778 1106 806 coronae,
1132 779 1232 811 quam
1258 767 1453 800 Mediolani
1485 774 1679 810 acceperat,
1703 767 1801 799 annis
1826 765 1970 803 duobus,

124 823 297 855 mensibus
319 825 365 867 vj.
389 830 422 855 et
446 823 567 855 diebus
589 824 698 866 xviij.;
725 823 911 864 Imperator
928 832 1088 855 romanus
1104 832 1170 853 uno
1187 832 1289 860 anno,
1307 832 1421 853 mense
1439 831 1519 860 uno,
1536 821 1658 853 diebus
1673 821 1763 863 xxvj.
1779 826 1857 862 post
1873 829 1971 851 coro-

126 875 307 906 nacionem
339 884 489 906 coronae
521 884 656 906 aureae.
704 875 821 916 Itaque
849 880 956 905 totum
980 879 1113 915 tempus
1136 873 1187 904 sui
1213 872 1346 914 imperii
1376 873 1443 904 fuit
1474 873 1508 904 in
1540 871 1637 904 bellis
1668 879 1702 903 et
1734 869 1972 903 obsidionibus

125 927 299 959 civitatum
323 934 358 959 et
379 927 614 959 resistentibus
637 927 701 959 sibi
724 927 940 964 Lombardis‚
965 926 1090 957 Tuscis
1117 932 1150 956 et
1182 925 1282 969 Rege
1315 925 1472 958 Roberto
1504 926 1546 957 de
1571 924 1706 967 Apulea
1729 924 1798 956 filio
1823 923 1968 956 condam

126 980 233 1023 Regis
248 980 366 1013 Caroli
381 980 536 1012 secundi.
576 979 658 1011 Post
674 981 759 1012 haec
776 980 821 1011 de
837 989 952 1011 mense
975 978 1180 1020 septembris
1208 978 1366 1010 dominus
1391 978 1595 1010 Fredericus
1612 977 1690 1009 Rex
1710 976 1849 1009 Siciliae
1874 975 1968 1007 venit

126 1033 222 1065 Pisas
238 1043 317 1065 cum
332 1034 480 1065 maxima
496 1033 712 1064 multitudine
730 1033 890 1069 navitum,
907 1032 1059 1074 equitum
1084 1037 1118 1062 et
1142 1030 1293 1072 peditum
1311 1030 1356 1062 ad
1374 1030 1639 1062 confortandum
1664 1036 1794 1071 partem
1818 1027 1969 1069 Imperii,

127 1086 262 1118 scilicet
284 1086 508 1129 ghibelinam,
533 1086 569 1117 in
593 1086 723 1118 Tuscia
740 1092 773 1117 et
789 1086 825 1116 in
841 1084 1061 1122 Lombarffla,
1079 1094 1166 1126 quae
1183 1090 1289 1115 morte
1314 1083 1532 1125 Imperatoris
1556 1088 1629 1114 erat
1646 1082 1763 1114 territa
1778 1088 1811 1113 et
1827 1079 1973 1113 turbata.

215 1139 381 1171 Dominus
405 1138 647 1171 Manfredinus
671 1139 714 1170 de
738 1137 905 1170 Asandris
922 1138 964 1170 de
980 1137 1125 1169 Mantua
1148 1136 1212 1167 fuit
1236 1136 1391 1168 Potestas
1414 1135 1570 1167 Mutinae
1594 1145 1656 1177 pro
1681 1135 1821 1167 domino
1846 1133 1968 1165 Passa-

125 1192 199 1224 rino
216 1192 251 1223 in
268 1192 444 1235 M.cccxiij
463 1202 525 1234 pro
542 1203 600 1224 sex
615 1191 787 1223 mensibus
809 1189 1029 1233 sequentibus
1053 1190 1199 1231 inceptis
1223 1189 1269 1229 [in
1293 1189 1450 1221 calendis
1473 1188 1624 1231 augusti]
1638 1186 1661 1219 ⁸.
1708 1187 1839 1219 Eodem
1862 1186 1972 1218 mille-

126 1244 210 1276 simo
242 1245 286 1276 de
317 1254 432 1276 mense
464 1244 665 1286 septembris
697 1243 857 1286 apparuit
881 1243 1044 1275 Ravenae
1068 1247 1232 1273 mostrum
1249 1242 1284 1272 in
1316 1241 1369 1272 his
1392 1240 1548 1282 partibus
1576 1240 1780 1276 inauditum,
1806 1237 1970 1279 [scilicet]

126 1296 249 1329 balena
271 1307 339 1328 una
362 1297 432 1328 sive
458 1304 570 1328 cetum
595 1296 812 1338 [proiectum]
842 1296 877 1327 in
904 1296 996 1327 sicca
1027 1305 1047 1326 a
1078 1294 1235 1327 fluctibus
1258 1293 1370 1331 maris,
1396 1292 1619 1336 longitudinis
1642 1292 1686 1323 xl.
1704 1291 1921 1324 brachiorum
1940 1295 1974 1321 et

216 1438 238 1455 2.
260 1430 346 1455 Senas
367 1432 408 1460 A,
430 1432 486 1460 Cr„
508 1432 584 1456 Mun.
607 1446 638 1448 —
659 1441 682 1464 4.
703 1432 851 1456 Politiano
865 1432 954 1459 Μυκ.;
976 1431 1116 1455 Purizano
1136 1431 1186 1460 Aa,
1206 1431 1358 1454 Petrezano
1380 1431 1425 1456 Cr.
1447 1443 1479 1446 —
1501 1436 1524 1461 5.
1545 1431 1750 1453 sacramentum
1771 1428 1784 1451 ὲ
1798 1426 1932 1458 aggiunto
1946 1424 1972 1447 in

129 1473 162 1497 Α,
182 1473 255 1497 della
274 1478 358 1498 stessa
378 1483 453 1498 mano
473 1487 483 1491 -
503 1481 564 1497 cum
585 1481 695 1498 veneno
715 1483 762 1499 om.
783 1473 831 1502 A.;
852 1482 919 1506 agg.
941 1473 1026 1502 Μελ,
1041 1474 1086 1498 Cr.
1108 1487 1139 1491 —
1160 1471 1184 1497 6.
1204 1472 1278 1504 quod
1290 1472 1344 1504 est]
1359 1479 1415 1503 quo
1429 1472 1475 1496 die
1488 1471 1530 1499 A,
1552 1472 1613 1499 Cr.;
1633 1471 1686 1495 hoc
1700 1472 1742 1494 est
1756 1469 1790 1494 ad
1805 1469 1879 1492 diem
1894 1467 1972 1491 MUR.

129 1528 162 1533 —
184 1521 223 1539 ιο.
243 1516 385 1540 mensibus
405 1518 509 1548 septem
523 1519 550 1540 et
564 1516 662 1540 diebus
684 1515 727 1547 16]
741 1517 792 1540 cos)
811 1517 836 1540 si
853 1517 886 1540 ha
905 1517 931 1539 in
945 1515 986 1545 A„
1002 1515 1088 1546 Mun„
1106 1515 1167 1543 Cr„-
1182 1523 1224 1539 ma
1236 1514 1456 1539 I’incoronazione
1470 1522 1590 1538 avvenne
1604 1514 1628 1538 il
1637 1513 1654 1538 6
1660 1513 1788 1546 sebbraio
1801 1518 1867 1541 1310
1879 1509 1972 1541 quincii

128 1565 189 1582 sono
207 1558 243 1581 da
262 1558 380 1582 ritenere
400 1566 509 1582 erronee
529 1560 554 1582 le
573 1559 644 1591 czfre
657 1559 719 1583 date
733 1559 782 1583 dal
793 1559 872 1583 tardo
885 1558 986 1589 copista
1001 1571 1009 1575 -
1023 1557 1194 1589 Imperatore
1207 1556 1298 1581 Roma
1312 1557 1354 1585 A„
1370 1555 1433 1585 Cra,
1446 1556 1604 1588 Imperator
1618 1556 1648 1580 in
1661 1555 1753 1579 Roma
1767 1554 1845 1578 Mun.
1862 1565 1872 1570 -
1884 1548 1969 1582 xxvj]

129 1605 162 1631 24
175 1597 222 1627 Α..
234 1601 289 1627 Cn,
303 1599 396 1630 Mum:
411 1609 452 1624 ma
472 1601 521 1624 dal
537 1608 570 1632 29
585 1601 692 1632 giugno
710 1607 776 1631 1312
796 1602 853 1625 alla
873 1604 956 1624 morte
975 1600 1005 1624 di
1023 1600 1122 1624 Enrico
1136 1603 1254 1630 passano
1272 1607 1305 1630 13
1325 1600 1390 1623 mesi
1401 1608 1414 1623 ε
1427 1599 1461 1623 26
1476 1599 1574 1631 giorni
1585 1611 1617 1615 —
1635 1604 1673 1622 12.
1688 1599 1715 1621 et
1729 1596 1828 1621 avanti
1840 1595 1968 1619 resisten-

128 1642 203 1666 tibus
217 1650 264 1666 0m.
285 1642 362 1666 th.
379 1655 411 1660 —
427 1649 467 1673 13.
481 1642 567 1675 Regis
587 1643 629 1670 A..
652 1643 710 1670 Cn:
730 1643 791 1668 Rex
810 1643 887 1667 Mun.
907 1656 940 1661 —
962 1649 1002 1674 14.
1024 1642 1153 1666 flavitum
1172 1642 1214 1671 A„
1238 1643 1300 1667 Cn:
1321 1642 1436 1665 navium
1456 1643 1483 1666 et
1501 1641 1579 1665 th.
1600 1654 1631 1658 —-
1654 1647 1694 1672 15.
1714 1647 1783 1671 quae
1803 1638 1889 1667 Mum,
1911 1637 1970 1665 σφῆς

128 1691 184 1715 quo
204 1684 238 1709 A.
258 1697 266 1702 ·
280 1686 340 1708 erat
354 1685 440 1715 MUR„
462 1686 521 1713 Cr.;
535 1686 589 1709 erit
605 1684 635 1708 A.
649 1699 681 1703 —
699 1685 738 1709 16.
758 1686 921 1709 Manfredus
937 1685 970 1709 A.
986 1685 1031 1710 Cr.
1046 1694 1058 1708 e
1073 1685 1166 1709 MUR.:
1180 1684 1376 1708 Manfredinus
1391 1685 1440 1712 M„
1460 1683 1624 1708 Fuscus-o
1639 1692 1652 1706 e
1665 1682 1747 1706 Mem.
1762 1695 1793 1699 -
1810 1687 1850 1713 17.
1864 1693 1874 1698 -
1888 1686 1914 1711 p.
1929 1683 1970 1710 70.

128 1726 146 1750 1.
161 1732 185 1750 2.
204 1726 348 1750 Eodem...
359 1744 365 1750 .
385 1726 520 1758 max-ima]
540 1728 566 1751 ci
582 1729 664 1751 siamo
684 1729 758 1752 valsi
770 1731 824 1758 per
842 1736 1008 1759 correggere
1028 1729 1050 1752 il
1068 1731 1156 1751 nostro
1175 1731 1241 1751 testo
1254 1727 1284 1751 di
1296 1727 1467 1756 Piuscmxo,
1481 1727 1503 1750 il
1514 1727 1592 1757 quale
1605 1726 1666 1749 ebbe
1679 1728 1750 1749 certo
1763 1727 1830 1748 sotto
1840 1722 1888 1755 gli
1898 1721 1970 1746 occhi

127 1769 202 1799 copia
221 1769 348 1801 mig-livre
368 1781 399 1786 —·
422 1776 461 1801 17.
481 1770 511 1793 in
524 1770 650 1794 calendis
668 1769 792 1801 augusti]
806 1773 896 1801 questa
910 1771 1073 1794 indicatione
1085 1771 1132 1794 del
1143 1778 1208 1794 mese
1222 1770 1331 1793 iniziale
1345 1777 1395 1794 non
1408 1770 1421 1793 ὲ
1436 1770 1479 1793 nei
1490 1769 1553 1793 testi
1564 1766 1595 1791 nb
1606 1769 1652 1799 qui
1663 1765 1694 1791 ηὲ
1707 1768 1751 1791 nei
1762 1763 1975 1796 corrispondenti

127 1812 220 1843 luoghi
243 1813 382 1843 seguentz':
401 1813 430 1835 Ιισ
444 1813 552 1836 creduto
571 1816 716 1842 opportuno
735 1813 930 1844 aggiungerla‚
953 1821 966 1837 ε
985 1814 1062 1837 credo
1083 1821 1130 1837 non
1148 1813 1256 1837 dovesse
1276 1820 1400 1836 mancare
1419 1812 1663 1843 orzgrz'narz'amente
1682 1824 1713 1827 —
1738 1808 1822 1840 18-19.
1845 1809 1874 1831 in
1887 1807 1933 1830 his
1946 1813 1972 1838 p.

127 1853 222 1877 inaud.
241 1854 352 1878 scilicet
365 1854 391 1877 b.
404 1853 473 1885 una]
492 1854 544 1879 cos'z
564 1854 740 1883 Pmscxmoe
760 1855 791 1878 in
811 1855 869 1879 hiis
882 1855 978 1879 inaud.
998 1857 1069 1887 part.
1084 1862 1142 1879 una
1154 1854 1179 1879 b.
1194 1854 1236 1883 A„
1252 1855 1308 1884 Cr.,
1321 1854 1398 1879 Mun.
1420 1867 1452 1871 -
1474 1860 1515 1884 19.
1529 1851 1631 1884 cet-um]
1646 1852 1696 1877 cosi
1710 1853 1743 1876 A.
1757 1860 1771 1875 e
1790 1850 1969 1874 Piuscimo:

127 1897 204 1919 cetus
225 1896 281 1924 Cr.‚
299 1896 377 1920 Mun.
398 1909 406 1914 -
425 1896 528 1921 siticha
548 1897 589 1925 A„
611 1897 672 1925 Cr.;
692 1898 766 1921 sicca
785 1905 855 1922 corr.
876 1897 953 1922 Mun.
972 1898 1008 1922 ed
1024 1899 1056 1921 Ιια
1075 1897 1238 1922 Piuscmuo
1257 1910 1266 1914 -
1287 1896 1339 1929 xl.]
1359 1896 1410 1922 cosi
1430 1896 1608 1925 Pmscxmm
1627 1894 1662 1919 60
1682 1894 1723 1923 A..
1745 1894 1799 1921 Cr„
1820 1893 1896 1917 Mun.

123 1973 147 1997 si
165 1972 230 1997 reco
250 1980 298 2005 per
317 1973 472 1998 Barberino
490 1980 506 1997 a
526 1974 710 2007 Poggibonzi,
725 1982 739 1998 e
752 1975 848 1999 subito
863 1975 876 1988 ‘¹
887 1975 964 2008 cepit
976 1975 1018 2000 fa-

124 2014 208 2039 “cere
227 2015 331 2039 muniri
352 2015 466 2047 podium
486 2016 520 2040 de
539 2016 708 2047 Pogibonizi
729 2018 757 2040 et
776 2018 896 2041 steccare
914 2019 1018 2041 circum

124 2056 221 2080 “eii-m
234 2073 263 2087 „,
284 2056 415 2081 restando
434 2055 461 2080 la
481 2061 514 2088 54
532 2058 626 2089 giomi
647 2057 706 2081 “ad
726 2058 886 2083 faciendum
914 2059 1019 2082 muniri

125 2098 137 2111 “
146 2098 254 2122 dictum
267 2100 389 2122 castrum
400 2115 412 2127 „
426 2097 494 2128 (San
507 2097 595 2123 Gxov.
610 2105 641 2123 οι
654 2099 769 2124 LEMMO
779 2107 818 2124 DA
828 2100 1018 2129 Comusxoar,

125 2140 232 2169 mario,
254 2148 280 2173 p.
297 2139 373 2171 183);
392 2140 433 2165 1’8
454 2148 547 2165 marzo
562 2140 634 2174 parti
648 2149 697 2173 per
706 2143 786 2166 Pisa:
801 2142 815 2155 “
825 2143 957 2166 victualis
972 2150 1018 2175 pe-

125 2181 138 2194 ¹‘
149 2182 229 2205 nuria
249 2181 318 2205 adeo
339 2181 369 2205 in
388 2182 510 2206 exercitu
521 2183 702 2214 imperatoris
716 2184 790 2215 quod
810 2184 901 2208 locum
916 2185 1019 2208 castris

125 2223 257 2247 “mutare
277 2224 394 2247 coactus
412 2225 468 2254 estg
489 2225 582 2255 itaque
602 2225 712 2248 Montis
731 2225 831 2250 Bonizi
851 2226 971 2250 nomine
988 2233 1020 2249 ac

124 2264 137 2277 “
149 2265 295 2289 moenibus
305 2265 457 2295 renovatis,
472 2267 547 2290 circa
560 2266 675 2290 initium
689 2267 772 2296 veris,
787 2267 852 2291 inde
866 2267 946 2292 Pisas
960 2270 1019 2291 ten-

127 2306 139 2318 ‘
149 2305 227 2330 didit
237 2323 250 2336 „
266 2305 318 2337 (Io.
331 2312 369 2330 nt
383 2306 577 2337 emmaum-a,
595 2308 676 2337 Hist„
692 2315 717 2339 p.
735 2307 804 2339 118).
840 2308 892 2332 Nel
907 2310 1018 2340 maggio

123 2348 154 2372 tu
161 2347 235 2373 satta
242 2355 296 2371 una
305 2348 466 2381 spedizione
473 2348 502 2371 di
512 2349 649 2382 imperiali
659 2357 676 2373 a
686 2349 874 2379 Pietrasanta,
884 2357 938 2374 con
948 2357 1017 2382 gran

123 2389 380 2422 danneggssamento
399 2396 448 2422 per
467 2391 476 2414 1
493 2391 627 2414 Lucchesi
647 2391 850 2421 (Comusrronu,
865 2399 891 2424 p.
915 2391 982 2423 184).

212 2431 218 2447 ¹
239 2432 274 2457 Se
286 2433 305 2457 il
318 2432 390 2457 fatto
406 2433 435 2457 di
451 2433 628 2464 Baggiovara
641 2441 689 2458 ers
705 2436 779 2458 stato
791 2433 826 2459 1’8
838 2434 925 2466 luglio
942 2441 1018 2465 1312,

83 2479 91 2484 ·
123 2477 204 2499 torna
225 2473 380 2500 benissimo
399 2475 426 2498 la
445 2475 545 2499 durata
564 2475 636 2500 della
662 2475 807 2508 prigionia
820 2476 849 2499 di
863 2476 1018 2500 Francesco

122 2516 198 2541 dalla
208 2516 368 2541 Mirandola
379 2523 431 2541 con
442 2516 470 2540 la
479 2517 546 2541 data
560 2517 629 2541 della
640 2525 688 2542 sua
699 2517 879 2546 liberazione.
891 2517 922 2542 28
931 2519 1019 2551 aprile

126 2564 202 2589 1313.
220 2558 233 2582 1
245 2557 302 2590 figli
321 2558 350 2582 di
370 2558 530 2583 Francesco
551 2559 629 2588 Pico,
648 2559 709 2583 dati
731 2560 760 2583 in
780 2560 913 2592 ostaggio
932 2567 981 2591 per
993 2560 1019 2584 la

123 2600 292 2624 liberazione
319 2598 362 2624 del
381 2599 472 2631 padre,
492 2607 506 2624 e
526 2601 573 2632 poi
594 2601 732 2624 riscattati
753 2607 801 2632 per
823 2607 893 2631 4000
911 2601 1016 2629 fiorini,

123 2639 172 2671 pli:
188 2640 216 2664 la
235 2640 420 2665 restituzione
439 2640 468 2665 di
488 2641 582 2665 alcuni
602 2641 726 2666 adei-enti
746 2642 772 2665 si
787 2643 893 2673 signori
913 2642 942 2666 di
956 2641 1018 2667 Sas-

122 2682 183 2706 solo
201 2682 251 2706 che
269 2689 356 2706 erano
376 2684 549 2714 prigionieri
569 2683 599 2706 in
621 2682 747 2711 Modena.
772 2682 877 2707 furono
903 2683 1017 2708 Prendi-

123 2725 202 2753 parte
220 2730 235 2747 e
248 2723 441 2754 Tommnino,
454 2725 567 2749 vittime
587 2725 672 2757 pochi
694 2725 762 2748 anni
781 2725 810 2748 di
829 2725 888 2756 poi.
902 2726 1019 2749 insieme

123 2765 168 2789 col
189 2765 284 2797 padre,
298 2765 370 2790 della
383 2765 513 2791 crudelta
527 2766 573 2790 dei
588 2767 747 2791 Bonacolsi.
779 2766 936 2791 Francesco
950 2767 1017 2791 Pico

122 2807 154 2830 r‘u
172 2807 296 2831 ritenuto
315 2807 345 2831 in
364 2808 500 2833 Mantova
520 2809 554 2832 da
576 2810 722 2833 Passerino
749 2809 899 2833 Bonacolsi
918 2808 964 2832 dal
985 2808 1017 2832 26

122 2850 224 2880 agosto
237 2848 264 2872 al
276 2854 310 2880 29
329 2850 491 2878 settembre,
510 2849 586 2874 forse
606 2857 655 2882 per
673 2851 800 2882 sospetto
820 2850 848 2874 di
863 2851 952 2874 treme
971 2851 1016 2874 coi

123 2889 212 2914 Guelfi
230 2890 259 2913 di
279 2890 404 2923 Bologna
424 2899 472 2924 per
491 2892 651 2923 prendergli
671 2892 795 2916 Modena
809 2889 856 2921 (cf.
873 2891 936 2917 Chr.
948 2899 1017 2924 reg„

124 2932 152 2954 in
173 2931 237 2956 RR.
261 2931 295 2955 II.
317 2931 378 2961 SS.,
398 2932 501 2961 xvm,
523 2933 578 2963 26).

213 2970 223 2986 ²
236 2973 341 2998 Enrico
356 2973 407 2997 vn
420 2973 494 3006 parti
507 2974 542 2999 da
551 2975 618 2999 Pisa
630 2974 665 2999 l'S
679 2976 794 3007 agosto3
810 2973 892 3007 passo
905 2981 953 3006 per
966 2974 1020 2999 San

1073 1975 1196 1999 Miniato
1206 1974 1399 1999 incendiando
1412 1974 1437 1997 le
1448 1973 1512 1998 ville
1523 1972 1568 1997 dei
1580 1972 1683 1996 nemici
1698 1971 1745 1996 esi
1759 1969 1859 2002 aggiro
1870 1969 1969 2001 quindi

1072 2024 1123 2050 per
1141 2017 1161 2041 11
1180 2017 1327 2041 territorio
1347 2015 1374 2039 di
1394 2015 1493 2040 siena:
1513 2015 1533 2039 il
1557 2020 1587 2045 ις
1607 2015 1709 2046 agusto
1728 2021 1745 2038 a
1765 2013 1970 2037 Bonconvento

1072 2060 1097 2083 sl
1115 2057 1263 2083 comunico
1288 2057 1323 2082 da
1348 2064 1384 2080 un
1411 2056 1484 2080 frate
1511 2056 1706 2084 domenicano.
1734 2054 1909 2078 Bernardino
1935 2053 1970 2078 da

1072 2101 1314 2132 Montepulciano‚
1333 2100 1384 2124 che
1398 2099 1427 2123 1ο
1442 2096 1578 2123 avveleno
1591 2105 1645 2122 con
1659 2097 1752 2121 l'ostia
1765 2097 1941 2126 eonsacrata,
1955 2103 1970 2120 e

1073 2141 1143 2167 morl
1166 2143 1186 2167 il
1201 2149 1235 2173 ²4
1254 2141 1325 2166 delio
1345 2143 1434 2166 stesso
1454 2148 1536 2170 mese,
1549 2141 1654 2172 giorno
1668 2139 1696 2163 di
1716 2146 1766 2163 san
1780 2138 1970 2163 Bartolomeo.

1071 2185 1092 2209 11
1111 2192 1161 2209 suo
1182 2185 1299 2208 esercito
1318 2182 1404 2208 torno
1424 2190 1441 2207 a
1459 2183 1540 2212 Pisa3
1559 2189 1613 2206 ove
1632 2189 1648 2206 a
1668 2181 1815 2205 rafforzare
1842 2180 1869 2203 la
1887 2181 1969 2210 parte

1070 2227 1225 2259 ghibellina
1251 2227 1350 2258 giunse
1373 2233 1390 2250 a
1416 2232 1507 2249 mezzo
1533 2224 1685 2248 settembre
1712 2223 1849 2248 Federico
1874 2220 1915 2246 111
1939 2222 1969 2246 di

1073 2269 1100 2293 di
1120 2269 1264 2300 Aragons.
1285 2276 1314 2292 re
1334 2267 1363 2292 di
1383 2267 1486 2292 Sicilia.
1523 2267 1547 2290 Il
1568 2268 1668 2291 nostro
1692 2266 1821 2290 eronista
1846 2265 1877 2289 in
1895 2265 1969 2288 tutto

1071 2310 1118 2335 cio
1137 2311 1186 2335 che
1205 2310 1337 2341 riguarda
1355 2309 1382 2333 la
1400 2309 1564 2342 spedizione
1582 2308 1610 2333 di
1630 2308 1734 2333 Enrico
1749 2306 1802 2331 v11
1820 2305 1844 2334 ὲ,
1857 2306 1884 2331 al
1903 2313 1970 2330 con·

1072 2353 1169 2377 fronto
1196 2352 1226 2376 di
1251 2352 1315 2376 altri
1340 2351 1403 2376 suoi
1428 2350 1673 2382 contemporanei,
1698 2350 1728 2374 di
1752 2356 1810 2373 uns.
1833 2349 1969 2373 esattena

1071 2394 1219 2426 singolare,
1239 2393 1288 2418 che
1308 2393 1473 2425 rispecchia,
1491 2393 1566 2417 assai
1580 2391 1811 2425 probabilmente,
1825 2391 1852 2414 le
1864 2389 1969 2414 notizie

1072 2437 1184 2469 portate
1203 2443 1217 2460 a
1237 2435 1357 2459 Modena
1377 2435 1411 2459 da
1431 2435 1567 2459 relazioni
1587 2434 1707 2458 ufficiali.
1745 2432 1786 2457 La
1800 2433 1900 2456 lacuna
1919 2431 1968 2455 che

1072 2476 1086 2502 ὲ
1100 2479 1131 2502 in
1144 2477 1174 2501 A.
1196 2478 1271 2508 dopo
1294 2477 1542 2506 “sacrament-um„
1562 2476 1671 2500 doveva
1691 2475 1890 2507 comprendere
1904 2474 1968 2498 l'ac-

1072 2528 1161 2544 cenno
1191 2519 1476 2544 all'avvelenamento
1505 2518 1748 2549 dell’imperatore
1777 2517 1894 2548 operato
1922 2515 1967 2539 dal

1074 2562 1144 2586 frate
1165 2562 1305 2586 mediante
1326 2561 1421 2584 l’ostia
1441 2561 1618 2584 consacrata:
1641 2559 1780 2590 “quidam
1808 2558 1894 2582 frater
1919 2559 1965 2588 qui

1074 2602 1154 2627 “erat
1168 2611 1230 2627 cum
1244 2610 1285 2630 eo,
1300 2603 1415 2626 nomine
1436 2602 1522 2625 frater
1544 2600 1736 2624 Bernardinus
1754 2600 1788 2624 de
1805 2599 1969 2630 Montepul-

1074 2643 1177 2667 “ciano
1198 2644 1231 2667 de
1252 2643 1352 2666 ordine
1373 2642 1610 2673 Predicatorum„
1632 2640 1840 2673 (Conamen,
1856 2647 1882 2672 p.
1898 2638 1966 2670 186).

1159 2685 1241 2709 Delle
1263 2685 1337 2708 sonti
1359 2684 1477 2708 relative
1497 2683 1553 2708 alla
1574 2685 1663 2707 morte
1683 2683 1711 2707 di
1732 2683 1837 2714 Arrigo
1852 2681 1903 2706 VII
1922 2689 1966 2705 ve·

1071 2727 1131 2751 dasi
1154 2727 1180 2751 la
1201 2728 1345 2758 compiuta
1365 2726 1548 2750 indicazione
1567 2727 1598 2749 in
1618 2725 1776 2752 BOEHMER,
1803 2725 1876 2756 Reg.
1896 2724 1966 2754 imp..

1072 2775 1097 2799 p.
1118 2775 1166 2800 3¹1
1189 2775 1246 2799 sgg⁴
1285 2766 1364 2791 Sulla
1384 2774 1434 2790 sua
1457 2766 1602 2798 sepoltura
1627 2766 1652 2790 si
1672 2766 1742 2790 veda
1767 2765 1967 2798 specialmente

1070 2810 1135 2833 Diu.
1153 2809 1266 2837 Bonoo,
1286 2809 1419 2832 Raccolta
1439 2808 1470 2832 di
1487 2808 1599 2838 diplomi
1610 2808 1712 2839 pisani,
1734 2807 1799 2831 Pisa
1821 2805 1897 2839 1765.

1158 2848 1169 2865 ³
1188 2849 1352 2874 Podesteria
1371 2849 1571 2873 documentata
1590 2857 1604 2873 e
1623 2849 1724 2873 durata
1742 2847 1966 2881 probabilmente

1071 2892 1117 2915 dal
1138 2892 1283 2924 principio
1312 2891 1342 2915 di
1362 2893 1464 2923 agosto
1488 2897 1554 2922 1313
1573 2891 1601 2915 al
1629 2891 1756 2915 febbraio
1780 2897 1847 2922 13¹4
1872 2888 1966 2920 (Mem.

1075 2941 1100 2957 a.
1122 2939 1199 2964 1313,
1220 2941 1246 2956 n.
1266 2941 1332 2963 444:
1355 2932 1503 2965 “tempore
1524 2932 1572 2956 dfii
1587 2932 1763 2956 Manfredini
1780 2931 1813 2956 de
1826 2930 1966 2955 Asandris

1078 2975 1168 2999 “hon.
1189 2978 1246 3007 pot.
1267 2974 1337 2998 Mut.
1350 2993 1372 3005 „,
1393 2981 1447 2999 con
1468 2974 1669 3006 registi-azioni
1692 2973 1793 2998 dass'xi
1816 2972 1966 2997 novembre

2000 2053 2032 2076 40

1998 2264 2029 2288 43

1997 2474 2030 2499 50

1997 2689 2026 2713 55
