2370 3603
47 810 84 839 10

47 1070 82 1101 15

850 211 1151 247 APPENDICE
1180 205 1205 246 l.

112 290 170 297 --un
172 286 1934 297 ...................................................................................................................................................................................................

108 219 189 253 [ΑΛ.
212 221 403 252 1247-12483

105 337 217 368 multis
241 336 285 368 de
308 334 478 371 Marchia,
503 333 732 375 Papiensibus
748 340 782 365 et
800 333 1088 376 Pergamensibus
1112 334 1247 365 iverunt
1262 334 1306 364 ad
1323 333 1510 364 Bersellum
1530 340 1564 364 et
1579 344 1657 365 eum
1682 333 1942 365 combusserunt

107 399 184 421 cum
209 388 324 420 multis
347 386 423 418 aliis
447 386 536 418 villis
567 385 797 427 Episcopatus
827 385 984 423 Parmae,
1016 391 1051 417 et
1081 384 1127 416 ibi
1160 392 1457 428 congregaverunt
1488 396 1646 428 magnum
1681 387 1867 417 exercitum
1900 386 1943 417 de

107 440 312 473 Lombardis
337 445 370 470 et
395 438 544 470 Tuschis
567 444 601 468 et
629 437 752 469 stando
784 438 828 469 ad
860 437 1049 469 Bersellum
1080 437 1167 469 fecit
1198 436 1245 468 ibi
1277 443 1424 468 castrum
1457 443 1490 468 et
1520 443 1641 479 postea
1671 443 1810 478 pontem
1843 447 1944 478 super

110 494 258 528 Padum;
284 498 318 523 et
341 497 421 522 tunc
447 491 605 521 dominus
629 490 818 531 Imperator
842 490 981 522 intravit
1004 490 1040 520 in
1065 490 1204 521 civitate
1230 489 1406 520 Victoriae
1431 489 1474 520 ad
1498 490 1668 527 standum,
1693 500 1794 531 quam
1825 490 1943 521 aedifi-

109 550 258 578 caverat.
283 544 367 574 Item
391 549 474 574 tunc
498 541 661 583 temporis
679 541 811 585 legatus
827 542 1037 574 Octavianus
1054 541 1279 583 congregavit
1296 542 1485 573 exercitum
1504 541 1546 572 de
1564 541 1769 573 Lombardis
1786 551 1943 584 magnum

108 599 144 630 in
168 597 381 638 Episcopatu
405 595 596 626 Cremonae
622 595 654 624 in
680 592 796 626 Bucca
819 594 963 626 Taiatae
981 595 1000 632 ¹,
1026 594 1059 625 in
1084 605 1152 635 quo
1177 593 1316 625 fuerunt
1339 593 1629 631 Mediolanenses,
1653 593 1818 631 Brixiam,
1846 594 1945 625 Man-

108 650 203 682 tuani
226 655 260 680 et
284 648 441 680 dominus
463 646 622 678 Marchio
647 647 801 678 Estensis
825 657 900 678 cum
934 646 1198 678 Ferariensibus
1221 652 1256 677 et
1279 644 1555 677 Bononiensibus
1579 653 1612 677 et
1635 646 1682 677 ibi
1709 647 1947 679 conduxerunt

108 712 267 745 magnum
284 700 459 742 navigium
476 700 519 731 de
534 698 690 736 Mantua,
715 700 758 731 de
783 700 924 731 Feraria
947 705 981 730 et
1005 699 1047 731 de
1073 698 1210 741 Cingia,
1234 704 1269 729 et
1293 698 1451 729 fecerunt
1474 698 1523 729 ibi
1545 698 1651 729 multa
1667 698 1824 730 aedificia
1841 700 1873 730 in
1890 710 1947 731 na—

107 755 206 788 vibus
229 754 274 785 ad
299 752 506 794 capiendum
531 758 671 792 pontem
696 752 738 783 de
764 752 933 788 Berselio3
959 758 993 783 et
1015 752 1064 783 sic
1089 752 1226 782 iverunt
1252 761 1382 782 sursum
1416 760 1491 782 cum
1523 751 1590 782 illis
1622 751 1785 783 aedificiis
1816 752 1859 783 ad
1891 763 1947 783 ca-

108 805 270 850 piendum
294 805 422 837 dictum
448 809 588 846 pontem
613 809 647 835 et
671 813 747 835 eum
772 810 937 846 ceperunt
969 815 1033 846 per
1063 804 1129 835 vim
1162 809 1196 835 et
1226 803 1364 844 penitus
1397 803 1649 834 combuxerunt
1679 814 1789 845 prope
1822 805 1946 836 testum

108 861 257 892 omnium
282 858 486 890 Sanctorum
502 855 523 888 ².
549 856 633 888 Item
659 857 817 888 dominus
840 857 1002 899 Eeelinus
1027 867 1103 888 cum
1129 856 1286 887 omnibus
1310 855 1476 886 militibus
1492 856 1561 886 suis
1576 857 1717 888 recessit
1735 857 1770 888 in
1787 858 1946 889 Marchia

106 921 216 955 prope
240 910 450 942 nativitatem
475 908 622 940 Domini.
646 909 756 950 Capto
786 919 870 940 vero
895 910 988 941 dicto
1011 915 1128 950 ponte,
1153 908 1312 940 dominus
1335 908 1495 939 Marchio
1527 918 1603 940 cum
1637 909 1755 940 amicis
1787 910 1854 941 suis
1882 921 1945 952 per

107 965 176 996 vim
201 968 322 995 contra
345 962 554 993 voluntatem
578 961 800 1003 Imperatoris
824 968 858 992 et
882 961 991 1005 Regis
1015 961 1116 1003 Encii
1141 967 1173 992 et
1198 961 1302 992 totius
1326 960 1434 1002 partis
1457 970 1571 992 eorum
1588 962 1759 1004 guarnivit
1782 969 1816 994 et
1840 965 1948 995 muni-

107 1017 156 1049 vit
192 1016 365 1048 civitatem
400 1015 544 1046 Parmae
580 1014 623 1046 de
658 1013 820 1046 militibus
855 1022 888 1046 et
922 1014 1095 1056 peditibus
1131 1019 1165 1045 et
1197 1013 1446 1056 guarnimentis
1482 1019 1515 1045 et
1550 1013 1624 1045 aliis
1658 1016 1873 1056 opportunis.
1906 1017 1948 1048 Et

108 1067 367 1109 M0.ccxxxxvij.
393 1074 539 1099 castrum
565 1067 694 1107 Bacani
718 1073 854 1108 captum
878 1067 943 1098 tuit
961 1073 994 1098 et
1012 1072 1161 1098 castrum
1190 1065 1310 1098 Sancti
1333 1065 1463 1097 Cesarii
1481 1065 1540 1106 [et]
1559 1066 1776 1098 Nonantulae
1796 1073 1830 1099 et
1846 1069 1949 1100 etiarn

64 1135 71 1138 ·
109 1120 342 1155 Romandiola
365 1126 466 1161 capta
487 1120 555 1152 fuit
568 1120 592 1152 ³.

42 1334 84 1364 20

60 2333 89 2349 10

64 2968 92 2992 ἶ5

197 1173 385 1205 ⁴Dominus
408 1173 620 1204 Maxinerius
644 1174 687 1205 de
712 1173 826 1215 Burgo
863 1172 1099 1204 cremonensis
1122 1172 1187 1204 fuit
1213 1172 1368 1205 Potestas
1400 1171 1554 1204 Mutinae
1587 1175 1622 1204 in
1646 1173 1911 1219 li'l‘'.ccxxxxviij
1929 1177 1953 1208 ξ’.

109 1228 284 1268 Tempore
308 1225 486 1258 antedicto
511 1225 566 1256 die
593 1226 709 1257 martis
732 1226 789 1269 xij.
816 1232 962 1257 exeunte
978 1225 1156 1257 februario
1174 1224 1376 1256 Parmenses
1394 1232 1561 1266 ceperunt
1578 1225 1755 1257 civitatem
1774 1227 1949 1260 Victoriae

107 1290 169 1322 per
191 1280 270 1317 vim,
294 1290 395 1321 quam
421 1279 577 1310 dominus
602 1279 802 1310 Fridericus
826 1279 1018 1319 Imperator
1042 1278 1288 1310 aedificaverat
1312 1288 1420 1319 prope
1445 1278 1620 1309 civitatem
1645 1277 1790 1311 Parmae
1820 1281 1855 1311 in
1873 1282 1952 1314 loco

107 1332 166 1364 ubi
196 1332 323 1364 dicitur
347 1331 539 1373 Fregnzmo,
564 1338 597 1362 et
620 1332 749 1362 dictam
782 1337 906 1363 terram
943 1331 1204 1363 combusserunt
1228 1337 1261 1361 et
1286 1330 1436 1362 iudicem
1472 1330 1643 1369 Tadeum,
1668 1332 1725 1373 qui
1749 1340 1821 1364 erat
1846 1335 1951 1366 iudex

107 1385 326 1427 Imperatoris
341 1383 363 1422 ⁰,
388 1383 514 1415 ibidem
539 1385 743 1416 occiderunt
775 1391 807 1416 et
832 1384 1004 1426 carocium
1021 1383 1210 1416 Cremonae
1228 1394 1304 1414 cum
1321 1394 1447 1426 magna
1463 1385 1653 1425 quantitate
1671 1385 1953 1419 Cremonensium

107 1444 284 1480 ceperunt,
311 1438 358 1469 ibi
383 1438 551 1468 existente
576 1437 714 1468 domino
739 1437 949 1478 Imperatore
966 1437 1001 1468 in
1019 1437 1091 1478 ipsa
1107 1443 1215 1473 terra3
1240 1437 1298 1478 qui
1323 1437 1482 1468 domiuus
1498 1437 1688 1478 Imperator
1705 1438 1794 1480 fugit
1809 1439 1953 1471 Cremo-

107 1501 185 1523 nam
208 1497 243 1522 et
267 1490 313 1521 ibi
336 1491 456 1522 stando
482 1490 685 1522 reforciavit
708 1491 899 1522 exercitum
926 1501 1002 1521 cum
1028 1489 1331 1527 Cremonensibus,
1357 1489 1582 1530 Papiensibus
1606 1496 1640 1521 et
1664 1490 1952 1533 Pergamensibus

110 1550 143 1576 et
164 1543 413 1577 Laudensibus.
438 1550 471 1574 et
496 1553 573 1574 cum
598 1543 712 1574 multis
735 1543 809 1575 aliis
832 1543 878 1574 ad
906 1543 1057 1585 quodam
1090 1549 1250 1580 castrum,
1282 1544 1375 1584 quod
1407 1550 1549 1574 vocatur
1579 1543 1786 1582 Fowovum,
1818 1552 1852 1577 et
1883 1557 1949 1579 nou

109 1596 219 1639 potuit
242 1596 287 1628 ibi
311 1596 431 1627 tacere
456 1596 682 1638 [quidquam],
709 1597 771 1628 sed
795 1596 857 1627 ivit
881 1597 925 1627 ad
949 1596 1063 1627 locum
1088 1597 1131 1627 de
1155 1595 1313 1627 Colunba
1336 1602 1370 1627 et
1395 1607 1471 1627 eum
1496 1596 1672 1628 combuxit
1688 1603 1722 1628 et
1738 1608 1858 1631 omnes
1875 1610 1952 1632 suas

112 1650 239 1682 bestias
263 1660 339 1681 cum
365 1649 521 1680 omnibus
547 1649 620 1680 aliis
644 1651 712 1680 suis
736 1649 838 1681 rebus
863 1648 1045 1681 mobilibus
1078 1649 1189 1691 cepit3
1215 1654 1248 1680 et
1274 1649 1340 1680 hoc
1366 1649 1459 1681 facto
1491 1649 1594 1681 rediit
1618 1648 1834 1684 Cremonam.
1867 1652 1952 1684 Item

112 1711 187 1733 cum
212 1702 286 1743 ipso
311 1701 465 1733 exercitu
488 1701 654 1743 equitavit
680 1702 839 1734 dominus
862 1702 942 1734 Rex
965 1712 1043 1734 cum
1067 1703 1173 1733 multa
1200 1702 1319 1733 militia
1342 1704 1387 1734 ad
1411 1708 1560 1734 castrum
1584 1703 1757 1742 Colliculi,
1781 1704 1838 1737 ubi
1856 1707 1952 1748 equi-

117 1760 249 1786 taverat
271 1754 430 1786 dominus
454 1752 650 1786 Bernardus
674 1755 718 1786 de
742 1754 874 1786 Rubeis
898 1764 974 1785 cum
1000 1755 1113 1786 multis
1137 1754 1299 1786 militibus
1323 1755 1473 1786 civitatis
1490 1755 1632 1787 Parmae
1658 1763 1691 1788 et
1716 1755 1763 1788 ibi
1781 1757 1845 1789 fuit
1864 1769 1956 1790 mor—

206 1897 226 1913 1.
252 1890 450 1913 combuserunt
475 1890 497 1911 A
520 1902 551 1906 —-
573 1895 594 1911 2.
623 1888 713 1920 villis]
732 1889 783 1913 cast
805 1889 897 1914 Mum:
918 1890 986 1913 uitis
1005 1890 1027 1912 A
1049 1902 1081 1906 —
1102 1897 1125 1922 3.
1146 1890 1287 1913 Hei-selum
1308 1891 1331 1913 A
1351 1903 1383 1907 —
1404 1899 1427 1921 4.
1450 1891 1476 1912 iu
1505 1891 1557 1913 civ.
1580 1898 1682 1914 nerone
1709 1891 1743 1914 ad
1769 1893 1954 1923 standumque

113 1931 202 1955 edific.
228 1932 268 1962 Ας
289 1931 416 1955 Veronae
436 1931 471 1955 ad
493 1932 623 1955 standum
643 1931 720 1954 MUR.
745 1932 890 1955 amonendo
910 1933 935 1955 le
949 1933 1047 1961 parole
1066 1933 1189 1963 segur-mi
1208 1933 1280 1955 dalle
1300 1933 1374 1961 quali
1395 1933 1492 1956 visulla
1518 1933 1647 1956 Μαίων-εἰ
1671 1934 1700 1956 a’i
1733 1934 1845 1958 ῐῖίίονία
1873 1947 1904 1952 -—
1931 1934 1954 1958 8.

116 1973 228 2004 Clugia]
248 1974 299 1997 cosi
319 1973 394 1998 Mra.
409 1983 413 2000 ;
433 1973 527 2004 elugia
547 1974 570 1996 A
585 1986 594 1990 -
608 1972 734 1996 edificem
748 1974 771 1996 A
793 1986 825 1990 —
844 1980 868 2004 9.
890 1973 1012 1997 Brisselo
1032 1974 1055 1996 A
1076 1987 1108 1991 —
1122 1980 1196 2005 9-10.
1209 1976 1267 1997 tam
1285 1975 1426 2006 capiendo
1441 1974 1561 1998 dicetum
1576 1975 1616 2003 Ag
1631 1982 1682 2005 pro
1695 1975 1835 2007 capiendo
1849 1977 1953 2000 dictum

116 2016 193 2040 Mun.
213 2029 240 2033 *-
265 2023 302 2039 11.
323 2016 402 2046 Item}
423 2015 465 2038 Ita
485 2016 562 2039 MUR.
582 2028 615 2033 -
638 2021 678 2039 12.
697 2015 771 2039 Ecel.
792 2016 868 2040 MUR.
889 2029 899 2033 -
919 2016 1019 2039 reccsit
1038 2016 1061 2040 A
1083 2029 1115 2033 -
1139 2023 1176 2048 13.
1197 2016 1306 2040 uolont.
1326 2016 1349 2039 Α
1365 2030 1372 2034 -
1388 2017 1484 2040 llentii
1505 2016 1582 2040 MUR.
1606 2030 1613 2033 -
1633 2019 1798 2048 guarniauit
1816 2019 1839 2041 A
1862 2032 1891 2036 —
1916 2027 1955 2050 14.

116 2059 206 2089 oport.
227 2058 248 2081 Α
275 2071 305 2074 —
328 2065 413 2089 14-15.
440 2060 466 2081 et
494 2064 558 2088 1247
581 2057 618 2088 Ας
644 2057 678 2080 Et
706 2058 736 2080 in
757 2056 955 2082 MCCXLVIII
975 2058 1052 2082 MUR.
1073 2072 1104 2075 —
1128 2066 1165 2090 15.
1187 2061 1213 2082 et
1234 2059 1344 2082 Nonan.
1366 2059 1442 2082 Mun.
1467 2073 1494 2075 -
1520 2065 1556 2090 ¹7·
1577 2059 1784 2087 MezenciusA;
1798 2060 1955 2085 Mezentius

118 2100 195 2123 Mun.
216 2099 279 2132 (cfr.
301 2099 365 2124 Chr.
381 2101 410 2123 di
433 2100 566 2123 Gra-namn·
584 2100 618 2123 da
636 2101 766 2127 Humano,
781 2103 810 2130 p.
833 2102 871 2130 26,
892 2102 910 2124 l.
930 2106 958 2129 17
977 2101 1047 2124 delle
1066 2101 1200 2131 varianti)
1220 2114 1227 2117 -
1250 2102 1279 2124 in
1303 2100 1368 2131 1348
1387 2101 1410 2124 A
1431 2114 1463 2118 —
1486 2108 1525 2132 19.
1545 2100 1666 2124 tedricus
1680 2101 1702 2124 A
1722 2113 1733 2119 -
1752 2102 1860 2126 hedific.
1880 2103 1903 2125 A
1924 2116 1956 2121 —

119 2147 162 2166 20.
176 2142 329 2166 combuser.
348 2142 371 2165 A
385 2154 417 2159 —
433 2148 473 2171 23.
489 2142 639 2165 refortavit
652 2141 690 2170 A;
706 2142 871 2166 refortiavit
884 2142 961 2166 Mun.
979 2156 1009 2159 —
1032 2149 1073 2173 24.
1087 2143 1262 2167 Fornouium
1277 2143 1299 2166 A
1314 2156 1346 2160 —
1360 2148 1400 2173 25.
1415 2142 1578 2174 quidquam]
1592 2144 1645 2166 cast
1657 2143 1753 2174 suppli,
1765 2144 1954 2175 giustmxzcrtte,

119 2185 142 2206 il
158 2183 235 2208 MUR.
256 2196 289 2201 —
310 2190 349 2215 27.
371 2187 490 2208 castrum
512 2185 652 2215 colegarie
671 2184 702 2214 A,
721 2187 842 2208 castrum
864 2184 1042 2215 Collegnriae
1061 2186 1153 2209 Mure:
1174 2193 1215 2208 mn
1232 2186 1275 2207 che
1289 2187 1313 2208 si
1331 2186 1412 2209 tratti
1431 2186 1521 2208 iuvere
1541 2186 1569 2207 di
1585 2186 1728 2209 Callecchin
1748 2187 1815 2209 siha
1830 2187 1878 2209 dal
1891 2186 1954 2211 Chr.

121 2231 214 2256 parm..
235 2227 274 2249 ed.
295 2227 346 2251 cit..
363 2230 390 2255 j».
414 2228 451 2250 [S.
473 2228 488 2249 l.
510 2234 538 2255 ³*-
561 2239 593 2243 —
615 2225 653 2249 28.
676 2226 792 2257 Rubeijs
813 2227 835 2249 Α
857 2239 865 2243 -
886 2228 910 2249 et
934 2227 1045 2250 fuerunt
1068 2227 1146 2251 Mna.

209 2330 215 2345 ¹
235 2331 258 2354 Il
281 2332 373 2355 Chron.
385 2336 474 2361 parm.
490 2332 571 2362 (ediz.
590 2332 731 2362 Honazzi).
745 2339 771 2363 p.
790 2338 827 2362 17,
844 2333 859 2354 1.
878 2332 922 2355 18:
939 2333 950 2344 ²

121 2375 132 2384 ‘¹
146 2379 192 2404 per
212 2373 342 2397 Talatam
354 2392 377 2403 „.
399 2375 447 2397 che
466 2373 480 2398 'c
501 2375 545 2398 nel
567 2374 745 2398 Cremonese.

206 2414 216 2429 2'
230 2416 266 2439 Su
280 2417 372 2446 questi
389 2416 453 2440 fatti
469 2416 495 2439 di
512 2416 661 2444 Brescello,
673 2416 707 2439 cf.
720 2416 832 2442 TmAB..
844 2417 917 2443 Biz„
931 2417 952 2445 Ι,
965 2415 1008 2440 68.

207 2455 218 2472 3
230 2458 259 2480 Si
276 2458 339 2481 noti
353 2458 401 2481 che
423 2458 442 2481 il
457 2459 591 2485 cronista,
605 2458 756 2482 scrivendo
769 2459 819 2482 che
837 2460 848 2470 *¹
860 2459 944 2482 etiam
957 2458 1010 2482 Ro-

964 2340 1005 2356 su-
1150 2331 1158 2346 ⁴
1180 2333 1267 2356 'I‘utio
1290 2333 1309 2355 il
1324 2339 1406 2364 passo
1422 2333 1470 2356 che
1485 2339 1565 2363 segue
1581 2333 1701 2356 relativo
1716 2333 1740 2355 al
1759 2333 1870 2363 134811.
1888 2340 1954 2365 17-p.

1066 2382 1119 2405 192,
1134 2376 1148 2398 1.
1167 2381 1196 2406 17
1207 2383 1214 2397 e
1233 2375 1365 2399 Dominus
1384 2374 1567 2399 Max-inerme
1581 2395 1584 2399 .
1598 2395 1602 2398 ⁴
1620 2374 1770 2406 requiescis]
1792 2376 1809 2398 il
1824 2376 1900 2400 MUR.
1916 2377 1958 2399 in-

1062 2417 1172 2449 terpola
1192 2417 1265 2441 nella
1285 2423 1334 2440 sua
1349 2416 1417 2440 ediz.
1432 2417 1475 2440 del
1494 2417 1555 2440 Chr.
1570 2417 1597 2441 di
1612 2417 1758 2440 Giovanni
1771 2417 1806 2441 da
1819 2417 1957 2443 Bazzam).

122 2503 133 2511 ⁴⁴
147 2499 291 2523 mandiola
310 2502 393 2532 capta
413 2500 500 2530 fuit„‚
520 2498 582 2523 ειη-ὸ
604 2500 679 2524 nella
699 2501 773 2530 data,
786 2499 887 2533 poiche
906 2500 934 2524 fu
948 2500 1010 2524 solo

121 2540 165 2565 nel
184 2540 250 2572 1248
263 2542 313 2565 che
328 2542 340 2553 ⁴¹
354 2542 548 2566 Bononienses
561 2550 623 2566 cum
637 2542 738 2573 grandi
751 2543 877 2566 exercitu
898 2543 1011 2566 iverunt

123 2582 135 2594 ·‘
146 2582 336 2607 Romandiola
356 2584 388 2607 de
408 2591 502 2607 mense
522 2584 589 2607 maii
606 2586 633 2607 et
647 2586 881 2616 recuperaverunt
895 2591 956 2608 eam
968 2586 1011 2608 to>

124 2624 137 2636 ·‘
147 2626 204 2649 tam
219 2632 269 2656 pro
284 2628 380 2649 sancta
402 2625 541 2654 Ecclesiass
556 2627 583 2649 et
597 2626 791 2650 Bononienses
811 2627 967 2657 posuerunt
981 2627 1010 2649 in

125 2668 136 2679 “
148 2667 314 2691 civitatibus
333 2670 360 2691 et
374 2668 456 2691 terris
470 2674 537 2691 suos
556 2667 686 2691 offitiales
706 2675 758 2699 pro
778 2667 887 2691 Eclesia
900 2687 912 2700 v
934 2667 1011 2699 (Vn.-

123 2715 203 2737 LoLA,
223 2709 251 2731 in
280 2710 357 2740 Corp.
377 2711 430 2734 chr.
450 2711 514 2734 bon..
539 2709 571 2737 ΙΙ,
596 2716 652 2740 125,
672 2710 702 2733 ll.
724 2709 822 2741 2729).
860 2709 902 2734 Lo
923 2711 1010 2734 stesso

123 2751 247 2774 cronista
261 2757 331 2783 pone
347 2752 372 2775 al
390 2750 456 2782 1248
471 2752 558 2775 anche
573 2752 596 2775 la
615 2752 725 2775 notizia
740 2752 788 2775 che
805 2752 941 2783 “captum
958 2752 1011 2776 fuit

126 2797 136 2804 “
150 2793 299 2823 Bazanurn,
319 2793 495 2817 Nonantulla
514 2794 542 2816 et
567 2793 700 2817 Sanctum
726 2793 871 2817 Cesarlum
897 2796 925 2818 et
945 2793 1011 2817 allia

124 2836 136 2848 ⁴‘
147 2835 255 2858 cliastra
276 2835 482 2859 Mutinensium
503 2842 517 2858 a
532 2835 760 2859 Bononiensibus
774 2853 786 2865 „
801 2834 837 2867 (p.
856 2841 911 2866 ¹24·
926 2835 955 2859 ll.
972 2834 1013 2858 26-

124 2877 176 2907 27),
196 2884 209 2899 e
234 2879 277 2900 tra
297 2876 336 2907 gli
357 2877 424 2900 altri
442 2877 554 2901 castelli
574 2878 601 2900 la
621 2884 740 2900 cronaca
763 2877 876 2909 volgare
897 2877 1013 2901 nomina

123 2919 266 2943 Montalto
293 2917 401 2949 (presso
427 2918 584 2945 Semelano,
611 2919 645 2942 cf.
672 2918 785 2948 Timum,
806 2920 879 2945 Die..

123 2962 225 2991 Appen.
245 2961 328 2990 iliada
347 2967 373 2991 p.
397 2959 474 2991 1148)
494 2968 508 2983 e
527 2959 700 2991 Savignano.

906 2919 940 2949 ΙΙ,
968 2927 1012 2950 54³

1062 2459 1210 2490 rIpetendo
1232 2465 1288 2482 non
1308 2459 1370 2482 solo
1392 2459 1589 2483 i'l‘ndicazione
1608 2459 1651 2482 del
1672 2457 1797 2489 podesta,
1821 2459 1869 2482 che
1890 2467 1957 2491 pure

1061 2507 1152 2524 aveva
1170 2498 1218 2532 gia
1237 2506 1316 2531 presa
1337 2500 1415 2523 dallo
1435 2501 1525 2524 stesso
1549 2499 1609 2523 Chr.
1630 2500 1674 2523 del
1694 2500 1827 2530 Bazzano,
1856 2508 1898 2524 ma
1919 2502 1958 2524 al·
1987 2511 1998 2534 ᾗ

1063 2539 1132 2566 tresl
1153 2541 1180 2565 la
1200 2541 1310 2565 notizia
1329 2541 1403 2565 della
1418 2548 1497 2573 presa
1512 2542 1541 2565 di
1556 2541 1683 2565 Vittoria
1695 2541 1746 2565 che
1765 2542 1857 2573 questi
1870 2549 1958 2566 aveva

1062 2583 1224 2615 riprodoxta
1248 2584 1293 2606 dal
1319 2582 1473 2607 Memoriale
1493 2585 1653 2614 potestatum
1677 2590 1731 2607 eon
1758 2583 1785 2607 le
1811 2584 1959 2608 medesime

1064 2625 1161 2656 parole
1182 2625 1266 2656 [clm.
1287 2632 1311 2655 p.
1334 2623 1375 2654 26,
1393 2624 1421 2648 ll.
1446 2631 1537 2656 17-19:
1559 2623 1572 2637 ‘¹
1585 2624 1673 2649 Dicto
1693 2632 1769 2648 anno
1789 2625 1835 2649 die
1860 2626 1959 2649 martis

1065 2667 1077 2679 “
1089 2667 1159 2699 xviij
1181 2667 1316 2691 februarii
1336 2666 1499 2690 Parmenses
1518 2668 1654 2699 ceperunt
1674 2673 1722 2698 per
1740 2667 1799 2690 vim
1812 2667 1956 2691 civitatem

1064 2708 1076 2721 “
1088 2709 1230 2731 Victoriae
1250 2707 1353 2731 factam
1374 2707 1407 2730 ab
1426 2707 1600 2739 Imperatore
1613 2709 1642 2731 et
1654 2714 1713 2731 eam
1729 2709 1817 2731 totam
1832 2709 1958 2732 cornhus-
1988 2719 2009 2741 3.

1068 2754 1078 2762 “
1092 2751 1186 2774 serunt
1205 2752 1232 2773 et
1252 2748 1464 2781 destruxerunt]
1478 2767 1500 2779 η.

1152 2791 1162 2804 ·”
1181 2791 1219 2815 Su
1238 2794 1336 2822 questo
1358 2789 1473 2822 podest&
1494 2793 1515 2814 si
1532 2790 1566 2815 cr'.
1586 2791 1647 2814 Chr.
1663 2792 1707 2815 del
1722 2792 1861 2821 Bazzano,
1877 2801 1901 2824 p.
1917 2793 1958 2817 26.

1067 2837 1133 2858 nota
1155 2840 1177 2865 7.

1152 2876 1162 2891 ὅ
1182 2876 1233 2900 Era
1256 2877 1275 2899 il
1296 2876 1401 2900 celebre
1422 2875 1538 2899 Taddeo
1565 2876 1599 2899 da
1619 2874 1709 2901 Sessa.
1729 2877 1777 2899 che
1798 2884 1811 2900 a
1834 2878 1959 2900 virt-oria

1068 2923 1078 2931 '⁴
1094 2920 1226 2942 remansit
1251 2919 1405 2941 semivivus
1431 2924 1493 2941 com
1520 2918 1648 2941 manibus
1674 2920 1829 2949 amputatis

1060 2965 1159 2991 parm„
1178 2960 1249 2983 ediz.
1268 2959 1401 2989 Bonuzi,
1421 2966 1449 2990 p.
1471 2957 1512 2989 18,
1530 2959 1559 2982 ll.
1579 2958 1678 2990 43-44).

1846 2937 1856 2944 ..
1882 2922 1889 2949 (
1898 2919 1958 2943 Chr.
1988 2927 2021 2949 ,ψ
