2370 3603
74 838 111 867 10

73 1098 109 1129 15

71 1849 101 1866 10

65 2268 98 2287 20

64 2479 95 2504 ²5

60 2689 95 2714 30

59 2899 91 2924 35

135 249 218 284 [AA.
239 251 428 284 1319-1321]
753 242 1007 281 IOHANNIS
1034 244 1104 280 DE
1131 242 1351 279 ΒΑΖΑΝΟ

147 314 1974 326 ........................................................................................................................................................................................................

134 365 305 398 mensibus
322 365 470 408 inceptis
486 364 533 406 [in
557 374 672 396 mense
697 364 859 405 octobris]
874 366 894 396 ¹.
942 365 1073 396 Eodem
1098 364 1276 397 millesimo
1300 364 1335 395 in
1360 364 1450 396 festo
1474 363 1584 395 sancti
1608 362 1746 395 Nicolai
1770 362 1813 394 de
1831 362 1969 402 [mense]

135 417 327 450 decembris
350 417 506 451 dominus
530 417 558 449 F
560 416 738 448 ranciscus
763 417 805 448 de
829 416 1036 454 Mirandula‚
1062 416 1181 448 videns
1198 427 1232 448 se
1250 416 1497 448 circumdatum
1515 415 1673 453 inimicis,
1691 415 1799 452 dedit,
1826 413 1969 445 tradidit

135 469 194 510 [et]
218 470 365 502 restituit
388 469 574 502 dominium
591 469 738 502 civitatis
755 469 909 502 Mutinae
934 469 1072 501 domino
1089 469 1271 501 Passarino
1289 474 1323 500 et
1338 468 1505 500 Butirono
1522 467 1685 499 fratribus
1703 468 1745 500 de
1762 466 1971 502 Bonacolsis‚

134 522 257 564 quibus
280 522 467 555 abstulerat
490 521 623 554 dictum
648 522 859 563 [dominium]
885 522 1034 553 civitatis
1046 521 1067 553 ².
1114 522 1219 554 Dicto
1236 527 1390 563 tempore
1422 521 1472 552 illi
1489 521 1531 552 de
1549 520 1698 553 Canosia
1721 526 1755 551 et
1771 519 1970 561 Propositus

133 575 175 608 de
199 574 394 616 Carpeneta
418 574 461 606 de
486 574 630 606 Foliano
656 584 732 606 cum
758 574 825 606 illis
849 575 891 606 de
915 580 1012 616 parte
1037 585 1097 606 sua
1120 575 1258 606 fuerunt
1283 573 1415 615 expulsi
1439 574 1482 605 de
1507 573 1645 604 civitate
1671 572 1776 615 Regii
1794 582 1856 614 per
1884 571 1967 602 alios

135 627 177 659 de
193 628 221 659 F
225 626 340 659 oliano
358 633 392 659 et
410 628 452 658 de
469 626 636 658 Rubertis
654 637 729 658 cum
747 628 815 659 suis
831 626 1034 669 sequacibus
1047 626 1068 658 ³.
1115 626 1217 658 Dicto
1236 632 1387 667 ternpore
1406 626 1564 657 dominus
1576 625 1716 657 Marcus
1730 625 1772 657 de
1786 625 1818 654 V
1820 623 1970 655 escontis

135 689 211 711 cum
238 679 429 712 Ghibelinis
456 679 655 711 extrinsecis
679 679 830 711 civitatis
854 680 979 711 Ianuae
1003 679 1137 712 obsedit
1162 679 1289 711 dictam
1315 678 1488 710 civitatem
1517 678 1654 709 Ianuae.
1678 678 1784 709 Dicto
1816 682 1969 717 tempore

139 732 297 764 dominus
320 732 424 764 Canis
448 732 539 764 della
563 731 665 764 Scala
688 732 824 765 obsedit
848 732 1023 764 civitatem
1047 732 1186 764 Paduae
1200 731 1221 763 ⁴.

222 784 389 817 Dominus
414 784 609 817 Simonetus
634 785 676 817 de
703 784 847 816 Scaficis
874 785 939 816 fuit
955 783 1108 816 Potestas
1124 784 1279 816 Mutinae
1295 794 1357 826 pro
1375 784 1513 816 domino
1530 783 1712 815 Passarino
1730 782 1790 823 [in]
1807 782 1969 814 M.cccxx

135 843 168 868 et
191 837 324 879 incepit
348 837 499 880 regimen
523 848 618 869 suum
643 837 700 869 die
725 837 855 878 [ultimo
880 837 1003 869 mensis
1031 837 1191 878 ianuarii]
1203 837 1224 868 ⁵.

218 889 385 921 Dominus
408 888 593 921 Iacobinus
618 889 660 921 de
683 889 884 932 Cornacano
908 889 1063 921 Potestas
1085 888 1238 920 Mutinae
1256 898 1319 930 pro
1336 889 1475 920 domino
1491 888 1672 920 Passarino
1689 888 1725 919 in
1741 887 1835 919 dicto
1851 887 1960 918 mille-

133 941 220 973 simo
237 943 301 974 320
317 947 351 974 et
367 942 499 984 incepit
515 942 666 984 regimen
689 952 785 974 suum
803 942 858 974 die
876 941 968 984 [xxiij
988 941 1113 972 mensis
1144 941 1288 983 augusti]
1302 941 1323 972 ⁶.

1023 994 1128 1026 Dicto
1153 993 1332 1025 millesimo
1357 994 1400 1025 de
1432 1003 1548 1025 mense
1579 991 1782 1035 septembris
1814 992 1969 1023 dominus

133 995 261 1028 sactum
286 994 352 1027 fuit
375 1004 437 1036 per
461 994 636 1027 dominum
661 994 880 1026 Passarinum
893 993 943 1010 *²⁸*
955 993 976 1026 ⁷.

1370 941 1433 972 1110
1452 946 1603 982 tempore
1620 941 1775 983 cironum
1792 940 1836 972 de
1855 938 1969 981 Carpo

136 1047 240 1080 Canis
257 1047 347 1080 della
364 1047 477 1084 Scala,
495 1048 553 1089 qui
570 1053 651 1079 tunc
668 1046 823 1079 Paduam
840 1046 1030 1084 obsidebat,
1049 1047 1114 1078 fuit
1130 1046 1312 1079 sconfictus
1329 1051 1363 1078 et
1380 1046 1518 1089 fugatus
1541 1056 1603 1088 per
1619 1045 1785 1078 Comitem
1804 1044 1964 1087 Goriciae

135 1105 169 1133 et
192 1099 311 1133 habuit
334 1110 493 1143 magnam
516 1105 664 1143 stragem
681 1106 714 1132 et
731 1099 827 1132 multi
846 1099 968 1132 mortui
993 1099 1130 1131 fuerunt
1148 1104 1181 1130 et
1205 1105 1323 1141 postea
1348 1099 1505 1131 fecerunt
1528 1108 1649 1140 pacem
1663 1097 1686 1129 ⁸.

1733 1098 1864 1130 Eodem
1880 1107 1969 1128 anno

134 1152 201 1184 fuit
224 1152 412 1185 interdicta
436 1152 556 1185 civitas
572 1154 600 1185 F
603 1153 735 1185 erariae
753 1158 787 1184 et
802 1152 1171 1184 excommunicacionis
1199 1151 1373 1183 sentencia
1388 1152 1530 1183 multum
1547 1156 1732 1195 aggravata
1748 1156 1782 1182 et
1799 1150 1918 1182 clerici
1935 1157 1968 1182 et

133 1205 257 1238 fratres
280 1212 495 1238 recesserunt
508 1203 529 1236 ⁹.

217 1257 385 1290 Dominus
415 1258 639 1300 Cornacanus
669 1258 826 1290 Potestas
856 1257 1014 1290 Mutinae
1044 1268 1107 1299 pro
1138 1258 1277 1290 domino
1309 1257 1489 1290 Passarino
1521 1256 1580 1298 [in]
1608 1256 1780 1299 M.cccxxj
1813 1265 1875 1298 pro
1907 1265 1966 1287 sex

225 1419 244 1435 1.
265 1410 380 1436 mense²
399 1421 467 1445 agg.
487 1413 572 1444 Mun„
594 1414 641 1438 Cr.
662 1426 692 1430 -
715 1418 738 1436 2.
758 1413 787 1436 in
809 1412 934 1436 inimicis
955 1412 988 1436 A.
1011 1425 1039 1429 —
1063 1418 1086 1443 3.
1105 1410 1149 1436 et¹
1170 1412 1183 1435 ἐ
1203 1412 1228 1435 in
1250 1412 1336 1439 Mun..
1358 1413 1402 1436 Cr.
1424 1425 1431 1429 -
1452 1409 1603 1441 Butironol
1623 1411 1674 1435 cos)
1695 1411 1781 1441 Mun„
1801 1410 1862 1439 οης
1888 1411 1967 1434 Butt-

134 1453 198 1476 rino
219 1455 252 1476 A.
271 1467 303 1471 —
323 1461 347 1486 4.
368 1454 474 1478 dictam
494 1455 640 1478 civitatem
660 1455 747 1483 Μυκη
769 1454 814 1478 Cr.
835 1467 843 1471 -
863 1453 991 1478 Canossa
1011 1454 1101 1481 MUR.;
1122 1452 1261 1477 Canossia
1284 1454 1328 1478 Cr.
1350 1466 1358 1470 -
1379 1453 1558 1485 praepositus
1571 1452 1657 1480 MUR„
1674 1453 1718 1477 Cr.
1739 1465 1770 1469 -
1792 1451 1845 1483 5-6.
1865 1451 1899 1475 R.
1920 1458 1968 1484 per

133 1494 207 1518 31105
221 1495 255 1519 (10
267 1494 309 1526 F.]
328 1496 379 1520 cos}
395 1496 481 1523 Mun„
497 1497 558 1521 Cr.:
572 1496 606 1521 R.
619 1497 646 1520 et
666 1504 714 1528 per
732 1496 805 1520 31105
820 1496 892 1520 31105
906 1495 939 1519 (10
953 1495 983 1519 F.
998 1496 1030 1519 A.
1046 1509 1076 1513 —
1090 1495 1115 1519 6.
1130 1495 1237 1519 Marcio
1256 1494 1305 1524 A:
1326 1495 1419 1518 Macio
1441 1496 1498 1523 Cr.;
1519 1494 1650 1518 Maffaeus
1670 1494 1747 1518 Mun.
1761 1507 1793 1512 -
1807 1500 1832 1525 9.
1845 1493 1966 1517 Scasiffis

134 1536 172 1560 M.
193 1550 225 1554 —
247 1543 286 1561 10.
305 1536 408 1561 ultimo
428 1538 531 1562 mensis
550 1537 687 1569 ianuarii]
707 1537 786 1562 Μυκ.
805 1546 818 1561 e
841 1538 884 1562 Cr.
905 1538 1025 1561 indicano
1044 1538 1072 1561 la
1091 1538 1186 1561 lacuna
1205 1537 1235 1561 di
1252 1537 1286 1560 A.
1305 1545 1350 1561 con
1365 1537 1474 1566 pantini
1491 1549 1523 1554 —
1546 1543 1586 1560 12.
1611 1537 1683 1569 xxiij
1711 1535 1814 1560 mensis
1840 1534 1965 1567 augusti]

133 1578 219 1607 Mun„
241 1579 294 1607 Cr..
313 1580 436 1604 indicano
455 1582 483 1604 la
496 1582 592 1604 lacuna
611 1581 640 1603 di
658 1582 692 1604 A.
711 1588 756 1604 con
772 1580 881 1611 pantini
899 1593 931 1597 -
954 1585 1040 1611 12-13.
1059 1579 1173 1603 zironus
1193 1579 1219 1602 d.
1238 1577 1271 1602 C.
1292 1579 1381 1603 sactus
1401 1579 1444 1607 A„
1463 1578 1549 1609 Mun„
1572 1578 1615 1602 Cr.
1637 1591 1667 1595 —
1690 1584 1730 1608 14.
1750 1575 1896 1609 Goriciael
1916 1576 1967 1600 cos)

132 1619 224 1650 Mum}
244 1621 359 1645 Ζ303110
378 1622 420 1651 Α.,
442 1623 487 1646 Cr.
514 1636 540 1639 —
562 1621 602 1646 18.
622 1619 708 1654 pro².]
730 1629 778 1654 per
797 1622 829 1645 A.

218 1721 226 1738 ¹
247 1721 352 1751 Questa
372 1724 530 1755 pedesteria
551 1722 565 1748 'e
584 1725 782 1749 documentata
799 1723 844 1748 dal
859 1730 891 1756 23
906 1724 1018 1747 ottobre

132 1771 197 1797 13¹9
218 1765 243 1789 al
264 1764 298 1788 26
317 1767 438 1797 gennaio
461 1772 527 1797 1320
547 1765 648 1797 (Mem,
668 1774 690 1790 a.
714 1772 786 1798 1319,
805 1765 826 1793 Ι,
848 1773 893 1789 nn.
917 1772 938 1795 1,
958 1764 1017 1797 841,

129 1805 193 1836 886;
214 1815 236 1831 a.
254 1814 327 1839 1320,
346 1808 379 1836 11,
395 1816 420 1833 n.
438 1815 500 1839 123:
522 1808 535 1820 ⁴‘
547 1808 652 1832 nobilis
667 1808 747 1832 miles
759 1806 893 1841 Gorqeria
907 1807 1017 1832 domini

132 1848 272 1880 “Malpeli
293 1850 326 1873 de
344 1849 552 1873 Montemelone
564 1850 603 1881 ,,);
624 1850 645 1874 11
666 1847 783 1881 podest&
802 1857 848 1873 era
867 1850 895 1873 di
910 1848 1017 1873 Monte-

128 1890 234 1914 milone
254 1891 327 1915 nelle
346 1891 457 1915 Marche
477 1899 490 1915 e
512 1892 539 1915 fu
566 1892 594 1915 di
621 1899 715 1915 nuovo
736 1899 750 1915 a
776 1899 870 1922 regger
895 1891 1016 1915 Modena

129 1933 173 1957 nel
197 1940 261 1965 1322
281 1933 330 1964 (cf.
350 1942 375 1965 p.
395 1933 438 1963 88,
458 1935 487 1958 11.
508 1933 573 1967 6⁷7).

215 1973 226 1990 ²
245 1975 373 2000 Secundo
394 1976 413 2000 il
434 1976 545 2004 Titum,
575 1977 654 2000 Mem.
679 1980 720 2003 st..
740 1976 773 2004 11,
800 1982 859 2001 202.
886 1975 934 1999 0110
960 1977 1015 1999 cita

128 2017 149 2041 11
172 2018 232 2041 Chr.
252 2025 320 2050 regn,
342 2018 371 2041 in
393 2018 457 2042 RR.
480 2018 517 2041 II.
540 2018 598 2045 SS..
620 2016 717 2047 XVIII,
736 2024 765 2050 31
789 2024 802 2040 e
822 2017 848 2040 13
863 2017 940 2040 Aliso.
959 2018 1014 2041 bon.

128 2059 179 2086 ivi,
199 2065 258 2091 332,
278 2059 305 2083 la
326 2060 511 2085 restituzione
531 2060 558 2083 di
579 2059 702 2083 Modena
722 2059 748 2083 al
769 2058 918 2083 Bonacolsi
945 2059 974 2082 su
994 2059 1014 2082 il

128 2106 163 2130 30
188 2100 352 2124 novembre:
380 2101 401 2124 11
427 2102 530 2132 giorno
553 2101 581 2124 di
609 2108 657 2125 san
677 2100 778 2125 Nicola
798 2101 863 2124 cade
887 2100 907 2124 11
933 2099 949 2124 6
976 2101 1015 2124 di-

128 2141 242 2165 cembre.

214 2180 226 2197 3
244 2183 295 2207 Per
311 2185 407 2215 questa
426 2185 549 2207 cachata
574 2183 601 2207 di
624 2183 714 2207 nobili
735 2183 862 2216 reggiani
887 2184 915 2207 di
936 2185 1014 2214 parte

126 2225 282 2257 ghibellina
302 2226 326 2249 si
346 2226 381 2249 cf.
402 2226 422 2249 il
449 2226 618 2250 documento
638 2226 800 2258 pubblicato
820 2227 850 2250 in
876 2225 1013 2253 TAccom,

127 2267 215 2295 Mem..
228 2266 275 2295 ΠΙ,
290 2272 347 2298 722.
376 2266 451 2291 Nota
472 2268 492 2291 il
506 2267 675 2292 Tiraboschi
689 2267 780 2298 (Mem.
795 2270 834 2295 st..
848 2267 869 2297 Ι,
883 2265 950 2299 169).
964 2267 1014 2291 che

127 2307 140 2320 ¹⁴
152 2308 262 2341 Reggio
284 2308 373 2333 allora
388 2310 530 2342 reggevasi
547 2317 561 2333 a
575 2311 654 2341 parte
667 2309 774 2341 guelsa;
789 2317 832 2332 ma
849 2315 906 2333 non
920 2310 988 2333 tutti
1004 2310 1012 2332 1

126 2350 139 2363 u
149 2349 287 2383 Reggiani
302 2358 388 2375 erano
402 2351 430 2374 di
446 2351 509 2382 quel
524 2352 639 2382 partito.
653 2358 667 2374 e
681 2351 708 2374 la
724 2351 851 2382 famiglia
864 2351 1013 2375 medesima

125 2391 137 2403 ‘¹
150 2391 192 2416 de'
211 2391 344 2424 Fogliani
360 2400 406 2416 era
419 2393 520 2423 divisa,
536 2390 699 2423 perciocche
710 2391 755 2416 nel
769 2393 846 2417 detto
859 2399 936 2416 anno
951 2400 1013 2424 νο8Δ

126 2433 139 2445 ¹‘
149 2435 245 2466 giamo
259 2434 307 2458 che
323 2435 425 2458 surono
445 2435 615 2458 condennati
632 2442 709 2457 come
723 2434 816 2458 ribelli
830 2434 1012 2463 Bernardino,

127 2475 264 2500 “Simone
278 2484 292 2500 e
306 2475 452 2500 Giovanni
464 2475 522 2507 figli
538 2476 583 2500 del
598 2476 625 2500 fu
639 2475 803 2504 Francesco,
817 2474 1012 2507 Guglielmino

126 2517 139 2530 “
150 2517 178 2541 di
190 2516 346 2546 Giovarmi,
356 2517 484 2546 Alberto,
494 2517 667 2546 Rolandino,
678 2516 796 2541 Bechese
806 2525 820 2542 e
832 2517 1012 2543 Manfredino

125 2558 208 2591 “figli
229 2560 257 2583 di
278 2559 399 2590 Simone,
426 2559 577 2587 Bernardo,
600 2559 753 2587 Aimerico‚
773 2559 979 2584 Franceschino
999 2568 1012 2583 e

125 2600 267 2626 “Niccolo
287 2602 365 2626 detto
385 2600 508 2626 Guercio
527 2602 570 2625 del
594 2602 622 2626 su
642 2600 853 2633 Guglielmello‚
879 2609 892 2625 e
917 2603 1010 2626 alcuni

125 2643 138 2656 “
148 2642 206 2675 figli
223 2644 342 2668 naturali
359 2644 386 2667 di
409 2643 563 2668 Franeesco
578 2651 592 2667 e
605 2644 649 2668 del
669 2644 749 2667 detto
762 2643 875 2668 Simone
886 2662 910 2675 „.
947 2644 1012 2669 Uno

123 2684 153 2710 dl
167 2686 281 2709 costoro
296 2686 405 2709 doveva
419 2692 508 2709 essere
521 2685 542 2708 il
557 2687 695 2717 proposto
708 2685 738 2709 di
753 2684 907 2716 Carpineto
925 2686 1011 2710 ricor-

121 2726 188 2751 dato
219 2727 266 2751 dal
293 2728 391 2751 nostro
411 2728 550 2751 cronista:
571 2735 640 2759 capo
661 2727 704 2751 dei
726 2726 857 2758 Fogliani
879 2728 907 2752 di
934 2729 1011 2759 parte

121 2768 215 2799 guelfa
235 2776 279 2792 era
300 2770 396 2792 invene
417 2767 515 2793 Guido
540 2768 645 2793 Savina
665 2776 716 2792 con
737 2768 776 2800 gli
805 2769 869 2793 altri
896 2769 954 2801 flgli
981 2770 1010 2794 di

121 2809 227 2835 Matteo
240 2816 255 2833 e
268 2810 313 2833 coi
328 2811 420 2842 nipoti
435 2809 492 2842 figli
508 2811 535 2834 di
551 2809 679 2834 Niccolo.
694 2809 801 2837 Questo
816 2811 888 2834 fatto
901 2809 915 2834 ὲ
930 2818 1011 2844 appe-

122 2858 156 2874 na
170 2853 324 2876 accennato
340 2852 384 2876 nel
406 2852 466 2876 Chr.
480 2860 550 2884 reg„
564 2852 616 2881 ivi,
629 2859 677 2883 31:
701 2852 713 2864 ‘⁴
724 2852 766 2875 De
780 2858 873 2876 mense
892 2855 1010 2884 septem-

121 2891 133 2904 “
147 2891 205 2916 bris
225 2892 270 2916 1111
289 2893 322 2917 (10
342 2892 468 2917 Canossa
486 2895 636 2918 exiverunt
655 2894 727 2918 clam
741 2893 887 2926 Rhegium,
909 2896 936 2917 et
951 2895 1009 2920 ive-

123 2932 134 2945 ‘¹
149 2936 215 2957 runt
244 2935 338 2958 statim
360 2935 390 2958 ln
419 2935 476 2959 suis
499 2935 653 2967 oppidis„:
680 2936 817 2967 maggiori
845 2936 953 2960 notizie
980 2943 1009 2960 su

121 2977 218 3008 questa
231 2977 321 3002 uscita
340 2976 368 3000 di
389 2976 480 3001 nobili
496 2977 525 3002 di
538 2979 617 3010 parte
635 2977 795 3010 ghibellina
814 2977 859 3009 (da
874 2975 1007 3009 Canossa,

1072 1723 1107 1747 da
1122 1722 1272 1754 Fogliano,
1288 1723 1322 1747 da
1335 1721 1432 1751 Gesso,
1443 1723 1477 1747 da
1488 1722 1621 1754 Roteglia
1631 1722 1699 1753 ecc.)
1714 1722 1741 1746 ci
1755 1720 1789 1746 da
1800 1729 1837 1745 un
1852 1722 1962 1745 decreto

1072 1765 1117 1790 del
1132 1772 1250 1789 comune
1263 1764 1293 1788 di
1311 1765 1421 1797 Reggio
1441 1765 1472 1789 in
1492 1764 1631 1794 ΤΑοοοιι,
1645 1765 1736 1794 Mem„
1749 1763 1797 1794 III,
1812 1769 1871 1795 722.
1909 1763 1960 1787 Del

1071 1809 1208 1840 proposto
1223 1807 1252 1830 di
1272 1805 1438 1839 Carpineto‚
1458 1807 1659 1839 appartenente
1678 1813 1694 1830 a
1708 1813 1745 1830 un
1760 1813 1837 1830 ramo
1856 1806 1962 1838 ghibel-

1072 1850 1133 1874 lino
1154 1849 1199 1874 dei
1217 1850 1327 1882 signori
1348 1849 1382 1873 da
1401 1849 1543 1881 Fogliano
1563 1849 1681 1879 (mentre
1701 1848 1766 1872 altri
1789 1847 1860 1871 della
1875 1849 1961 1872 stessa

1071 1893 1164 1915 casata
1177 1899 1263 1915 erano
1281 1889 1385 1923 guelfi),
1405 1898 1462 1914 non
1483 1892 1567 1914 trovo
1587 1890 1659 1915 altre
1678 1891 1802 1914 notizIe:
1817 1890 1896 1913 salvo
1911 1890 1960 1913 che

1071 1935 1119 1964 M.‚
1140 1935 1217 1957 sotto
1237 1933 1258 1956 il
1283 1939 1356 1964 1320,
1378 1932 1490 1956 ricorda
1512 1931 1648 1956 “nobiles
1667 1932 1700 1956 de
1720 1931 1847 1956 Canossa
1861 1932 1893 1955 de
1906 1931 1960 1955 Fo-

1073 1974 1196 2007 “gllano
1216 1975 1326 1999 scilicet
1345 1975 1377 1998 de
1390 1975 1466 1998 tribu
1485 1974 1628 2006 propositi
1649 1973 1682 1997 de
1695 1973 1855 2005 Carpaneta
1867 1991 1889 2003 „,
1910 1981 1923 1996 e
1939 1973 1958 1996 il

1073 2018 1133 2041 Chr.
1153 2024 1222 2048 reg„
1243 2017 1292 2043 ivi·
1319 2023 1361 2048 33,
1381 2015 1444 2040 dice
1469 2016 1519 2040 che
1533 2016 1578 2040 nel
1595 2021 1660 2047 1322
1680 2017 1781 2039 teneva
1800 2015 1822 2039 il
1842 2014 1958 2038 castello

1070 2061 1098 2084 di
1113 2060 1206 2088 Batso,
1227 2060 1277 2083 che
1291 2059 1379 2083 difese
1398 2066 1451 2083 con
1471 2059 1571 2084 l’aiuto
1591 2060 1619 2083 di
1639 2059 1788 2083 Passerino
1808 2058 1957 2083 Bonacolsi

1068 2104 1171 2126 contro
1191 2102 1201 2125 1
1221 2101 1370 2133 Reggiaui.

1157 2143 1169 2158 ⁴
1191 2142 1234 2167 Cf.
1264 2142 1395 2167 Coxrusr
1414 2144 1443 2166 in
1470 2144 1534 2167 RR.
1556 2142 1591 2166 II.
1613 2143 1671 2173 SS„
1697 2142 1758 2172 XII,
1787 2141 1834 2166 822
1856 2150 1869 2166 e
1898 2143 1957 2166 Clzr.

1065 2188 1171 2216 patna,
1203 2186 1232 2208 in
1258 2184 1345 2212 th..
1374 2185 1435 2208 Ant.
1455 2184 1493 2212 it„
1518 2183 1566 2212 IV,
1595 2183 1670 2215 1158,
1695 2191 1747 2207 ove
1768 2183 1787 2207 il
1814 2184 1957 2215 principio

1069 2226 1248 2251 dell’assedio
1267 2227 1294 2250 di
1315 2226 1428 2250 Padova
1447 2224 1461 2250 ὲ
1481 2227 1564 2258 posto
1584 2226 1611 2250 al
1631 2234 1644 2258 5
1666 2227 1774 2257 agosto.

1154 2266 1164 2282 ⁵
1184 2267 1224 2291 La
1245 2268 1403 2300 podesteria
1423 2268 1499 2291 dello
1525 2267 1620 2292 Scafiei
1646 2265 1661 2291 ὲ
1686 2268 1885 2291 documentata
1909 2267 1957 2291 dal

1070 2310 1196 2334 febbraio
1218 2310 1244 2333 al
1263 2309 1354 2341 luglio
1377 2316 1444 2341 1320
1458 2310 1558 2339 (Mem,
1573 2317 1595 2333 a.
1613 2315 1686 2340 1320,
1702 2309 1722 2337 1,
1736 2316 1782 2332 nn.
1800 2316 1820 2339 1,
1842 2315 1883 2340 23,
1898 2308 1956 2341 508,

1071 2356 1150 2383 1147;
1170 2351 1203 2381 ΙΙ,
1226 2359 1272 2375 nn.
1293 2358 1351 2383 241.
1373 2350 1430 2382 508,
1451 2357 1528 2379 2020,
1548 2357 1624 2383 2257,
1653 2357 1734 2382 2441:
1763 2350 1890 2374 “nobilis
1913 2351 1957 2373 vir

1070 2392 1083 2405 “
1095 2394 1120 2417 d.
1141 2393 1308 2425 Symonetus
1328 2393 1361 2417 de
1379 2393 1503 2417 Scaficiis
1523 2393 1555 2417 de
1574 2392 1672 2416 Parma
1684 2411 1697 2423 „
1713 2400 1730 2416 o
1751 2392 1808 2416 “de
1821 2392 1953 2423 Scaficis„

1067 2442 1084 2459 0
1107 2434 1161 2459 “de
1181 2434 1308 2459 Scafixiis
1328 2435 1361 2459 de
1380 2435 1477 2458 Parma
1489 2433 1524 2465 „).

1155 2473 1166 2489 ⁶
1187 2474 1291 2502 Questa
1312 2475 1470 2506 podesteria
1484 2474 1554 2499 duro
1574 2482 1611 2498 un
1632 2482 1715 2501 anno.
1730 2475 1793 2498 sino
1808 2474 1833 2498 al
1849 2481 1878 2498 22
1894 2482 1956 2506 ago—

1068 2520 1111 2542 sto
1135 2524 1197 2550 1321
1209 2526 1216 2542 2
1229 2524 1289 2542 essa
1303 2516 1317 2542 0
1331 2518 1503 2550 largamente
1515 2517 1711 2541 documentata
1725 2515 1826 2549 (Mem,
1841 2525 1864 2541 a.
1881 2524 1954 2550 1320,

1065 2560 1086 2588 I,
1106 2568 1152 2584 nn.
1173 2559 1235 2590 685,
1265 2559 1326 2592 769,
1359 2566 1482 2592 1091;a.
1519 2566 1593 2591 1321,
1624 2567 1670 2583 nn.
1700 2558 1758 2591 483,
1781 2565 1856 2592 2497,
1877 2565 1955 2590 3722,

1066 2601 1144 2633 3867,
1164 2601 1331 2634 4396-4448:
1359 2601 1490 2626 “nobilis
1511 2601 1591 2626 miles
1617 2602 1768 2626 Iacobinus
1793 2602 1827 2625 de
1852 2601 1956 2626 Corna-

1069 2644 1082 2657 “
1094 2652 1165 2678 gano
1185 2645 1218 2668 de
1238 2644 1337 2668 Parma
1348 2643 1382 2675 ‚,).

1153 2684 1164 2701 ⁷
1185 2685 1278 2710 Credo
1297 2686 1364 2710 cada
1384 2687 1431 2716 qui
1453 2693 1507 2710 una
1527 2686 1642 2710 lacuna:
1662 2685 1681 2709 il
1703 2686 1827 2709 cronista
1847 2686 1955 2709 doveva

1066 2735 1220 2751 accennare
1240 2728 1288 2752 che
1307 2727 1329 2751 il
1349 2727 1501 2752 Bonacolsi
1522 2735 1609 2752 aveva
1629 2727 1704 2752 tolto
1730 2726 1814 2759 Carpi
1842 2735 1857 2751 a
1875 2727 1953 2751 Man—

1067 2770 1138 2794 sredi
1159 2769 1220 2794 Pio.
1257 2769 1281 2793 11
1300 2771 1399 2801 girone
1418 2777 1435 2793 0
1455 2771 1530 2794 torre
1560 2769 1651 2794 allora
1675 2769 1803 2793 edificata
1825 2767 1953 2793 “credesi

1068 2810 1186 2842 “quello
1213 2811 1262 2835 che
1281 2818 1331 2835 ora
1350 2809 1363 2834 i:
1384 2810 1528 2834 rinchiuso
1549 2812 1578 2835 in
1599 2818 1634 2834 un
1662 2812 1749 2842 piano
1775 2810 1819 2834 del
1839 2810 1954 2841 palazzo

1067 2853 1188 2877 “ducale
1208 2853 1314 2876 abitato
1337 2853 1381 2876 dai
1411 2854 1604 2884 governatori‚
1634 2860 1685 2876 ove
1712 2852 1795 2883 volge
1822 2859 1901 2876 verso
1926 2851 1953 2875 la

1067 2894 1267 2925 “cattedrale„
1291 2894 1416 2923 (rma,
1436 2894 1509 2922 Die„
1528 2894 1547 2922 Ι,
1571 2894 1637 2925 144).

1152 2936 1163 2952 8
1184 2935 1227 2960 Cf.
1251 2936 1310 2960 Chr.
1325 2939 1430 2966 patav„
1453 2937 1482 2959 in
1502 2935 1587 2965 Mun„
1609 2936 1671 2959 Ans.
1692 2935 1729 2963 it„
1748 2933 1882 2966 IV,1158.

1152 2976 1162 2992 ⁹
1184 2977 1228 3002 Cf.
1250 2977 1359 3005 szm,
1380 2977 1425 3008 LII,
1447 2984 1567 3009 242-243.

1990 1811 2023 1835 40

1987 2022 2019 2047 43

1986 2231 2019 2256 50

1984 2440 2015 2466 55

1983 2645 2017 2669 60

2037 901 2055 914 c.
2071 901 2100 918 37
2117 904 2127 913 η
