2370 3603
71 813 108 844 10

65 1343 106 1373 20

71 1933 101 1950 10

71 2187 102 2214 15

70 2403 103 2421 20

71 2614 101 2639 25

71 2827 105 2852 30

137 225 299 258 [A.1³59]
744 217 1006 253 IOHANNIS
1034 217 1104 252 DE
1132 217 1354 253 BAZANO

134 341 190 372 die
203 352 247 372 xv
263 341 417 378 ianuarii,
433 341 553 374 diebus
569 339 788 382 sequentibus
805 346 838 371 et
856 350 971 372 eorum
991 340 1150 372 noctibus
1166 341 1324 371 continuo
1343 349 1449 381 usque
1466 340 1510 370 ad
1529 340 1618 370 diem
1637 339 1744 370 sabati
1762 338 1857 380 xviiij
1883 338 1969 369 dicti

134 394 257 425 mensis
280 394 445 426 inclusive
469 394 577 425 ninxit
600 393 657 424 nix
680 392 825 435 magna¹
851 404 870 423 a
893 393 1131 425 modernorum
1156 392 1366 433 temporibus
1383 392 1535 423 inaudita
1553 393 1587 423 in
1605 392 1744 423 civitate.
1762 391 1916 422 Mutinae
1935 397 1968 422 et

135 446 208 477 eius
230 446 411 484 territorio,
430 457 516 488 quae
534 447 676 478 duorum
694 445 910 477 brachiorum
928 445 1117 477 altitudinis
1141 451 1174 476 et
1199 445 1287 476 ultra
1312 446 1504 476 comuniter
1527 450 1660 486 poterat
1685 444 1847 478 misurari,
1890 442 1969 479 Qua

133 498 176 529 de
201 509 302 530 causa
327 499 481 530 homines
504 499 622 530 domos
645 508 722 529 suas
746 508 934 529 exonerare
959 503 992 529 et
1016 498 1108 528 nives
1132 497 1167 528 in
1191 503 1313 528 stratas
1329 497 1499 538 proiicere
1518 495 1760 538 oportebat'et
1776 497 1823 527 ita
1839 495 1962 526 efficie-

135 550 235 582 batur
258 562 319 592 per
343 558 465 584 stratas
490 558 523 583 et
546 556 720 583 contratas
744 551 894 592 undique
919 556 1051 583 montes
1074 551 1200 592 magni,
1224 550 1271 581 ita
1295 550 1388 592 quod
1412 550 1567 581 homines
1592 551 1778 581 existentes
1801 549 1836 580 in
1862 548 1967 589 porti-

135 603 230 636 cibus
253 605 430 636 domorum
455 615 587 635 suarum
613 614 675 645 per
706 614 868 645 personas
900 604 1085 635 existentes
1108 603 1143 634 in
1168 602 1357 644 porticibus
1380 602 1544 644 oppositis
1569 603 1704 633 minime
1729 601 1933 633 videbantur
1945 599 1967 631 ’-

135 656 179 688 Et
202 667 266 699 ego
291 657 459 689 Iohannes
482 657 525 688 de
548 657 685 698 Bacano
710 657 780 688 vidi
796 657 831 687 in
848 655 1017 698 aliquibus
1036 655 1118 688 locis
1137 655 1284 687 civitatis
1299 655 1455 686 Mutinae
1479 662 1610 687 montes
1635 655 1763 686 nivium
1788 665 1850 696 per
1866 664 1967 684 unum

135 708 314 741 brachium
328 709 504 741 domorum
522 715 660 751 tangere
677 709 846 751 grondina
859 715 892 740 et
904 708 1068 740 stilicidia
1085 718 1263 749 superare3
1283 708 1475 739 comuniter
1492 714 1622 739 montes
1639 708 1725 738 nivis
1746 708 1781 738 in
1805 706 1969 739 contratis

132 761 256 804 ubique
280 773 311 793 x.
337 769 369 794 et
393 774 423 793 v.
448 761 589 794 brachia
605 762 639 793 in
657 762 835 794 altitudine
861 761 1080 797 cerne—batum
1105 768 1138 793 et
1162 761 1319 792 homines
1342 761 1479 803 [neque]
1505 772 1623 792 currus
1647 772 1757 802 neque
1788 761 1892 792 boves
1924 759 1967 790 ad

133 813 303 846 civitatem
327 814 482 846 Mutinae
507 814 622 856 aliquo
647 814 787 857 ingenio
812 815 938 846 ducere
963 824 1030 846 non
1048 813 1228 850 valebant;
1258 820 1292 844 et
1317 813 1497 845 occasione
1523 814 1635 845 dictae
1661 813 1749 844 nivis
1772 813 1804 843 in
1831 812 1969 844 civitate

132 866 285 898 Mutinae
303 867 424 899 domus
440 878 540 908 quam
554 867 721 908 plurimae
739 873 949 898 corruerunt.
988 865 1048 898 'Et
1066 866 1147 908 quia
1163 872 1286 897 ventus
1301 866 1512 907 aquilonaris
1529 867 1571 897 de
1590 866 1707 907 primis
1724 865 1829 897 tribus
1846 864 1968 896 diebus

131 925 163 950 et
180 919 335 952 noctibus
360 920 521 952 continue
540 920 707 961 expiravit
725 926 758 951 et
775 920 921 957 fortiter,
946 920 1039 951 dicta
1062 920 1120 950 nix
1144 919 1229 961 [per]
1256 919 1383 950 vicinas
1409 918 1545 950 rimulas
1569 920 1601 949 in
1628 919 1785 951 domibus
1813 917 1969 949 omnibus

131 972 268 1004 intravit
281 972 339 1013 [etl
353 972 546 1014 praedictas
561 973 680 1005 domos
693 973 727 1004 in
742 983 865 1015 magna
878 973 1069 1014 quantitate
1083 971 1252 1013 [replevit]
1265 972 1416 1014 undique
1435 972 1664 1009 convolando,
1678 972 1811 1014 tegulis,
1828 970 1969 1011 templis,

129 1024 263 1056 stilariis
275 1036 337 1067 per
350 1025 460 1057 dictas
475 1026 604 1062 domos,
618 1025 649 1055 in
669 1036 793 1069 magna
806 1025 994 1067 quantitate
1013 1025 1173 1066 proiectis
1189 1025 1420 1059 adhaerendo.
1436 1025 1614 1056 frumentis
1628 1031 1660 1056 et
1674 1024 1783 1055 blavis
1797 1024 1831 1054 in
1849 1034 1971 1066 grana-

131 1077 189 1108 riis
203 1077 429 1110 existentibus
446 1078 607 1110 damnum
624 1079 806 1110 maximum
822 1078 994 1110 faciendo.
1043 1078 1147 1109 Dicto
1161 1077 1338 1108 millesimo
1353 1084 1387 1109 et
1400 1077 1573 1109 indicione
1588 1078 1631 1109 de
1644 1088 1758 1109 mense
1774 1076 1925 1108 octobris
1938 1081 1971 1106 et

133 1130 328 1162 novembris
341 1131 499 1163 dominus
513 1131 683 1163 Iohannes
699 1132 742 1163 de
760 1131 883 1173 Olegio
900 1131 1165 1163 mediolanensis
1179 1136 1212 1162 et
1225 1130 1383 1161 dominus
1401 1130 1545 1162 civitatis
1559 1129 1734 1162 Bononiae
1752 1130 1837 1161 fecit
1851 1128 1970 1170 ampli-

136 1183 238 1215 ficare
271 1183 432 1226 Mucam³
457 1190 490 1215 et
522 1184 657 1216 fortiter
683 1185 756 1216 fodi
782 1195 856 1215 eam
882 1184 965 1215 fecit
991 1190 1024 1215 et
1046 1183 1246 1226 braghirare
1272 1184 1329 1224 [etl
1354 1183 1388 1214 in
1414 1183 1584 1225 aliquibus
1608 1183 1761 1224 partibus
1785 1183 1970 1224 palancare

130 1246 206 1267 cum
224 1236 369 1268 maxima
382 1237 579 1278 frequentia
593 1243 626 1269 et
639 1237 770 1275 timore,
786 1237 908 1268 timens
926 1242 959 1268 et
972 1236 1130 1268 dubitans
1143 1236 1186 1267 de
1201 1236 1354 1267 exercitu
1368 1236 1495 1268 domini
1509 1236 1721 1268 Bernabovis
1733 1236 1775 1267 de
1788 1234 1972 1266 Vescontis

130 1294 164 1320 et
177 1289 282 1320 fratre
299 1299 359 1321 suo
376 1289 522 1321 dominis
539 1290 731 1322 Mediolani
748 1295 781 1321 et
798 1290 894 1331 quasi
911 1289 1014 1321 totius
1030 1289 1276 1323 Lombardffle:
1297 1295 1418 1320 etcum
1434 1295 1506 1321 tota
1523 1300 1582 1320 sua
1599 1289 1751 1330 potentia
1764 1288 1852 1319 misit
1866 1287 1971 1318 maxi-

129 1352 217 1373 mam
227 1348 358 1383 partem
371 1342 519 1374 civitatis
532 1343 707 1375 Bononiae
721 1354 797 1375 cum
812 1342 1046 1383 stipendiariis
1058 1342 1127 1373 suis
1139 1342 1184 1374 ad
1198 1342 1388 1374 custodiam
1403 1341 1517 1374 dictae
1526 1342 1641 1384 Muce.
1690 1343 1732 1373 Et
1742 1342 1797 1373 die
1809 1340 1927 1372 martis
1936 1338 1969 1380 iij

128 1393 322 1426 decembris
334 1394 346 1410 ⁴
362 1396 462 1427 valde
472 1406 582 1433 mane,
597 1396 741 1427 audiens
755 1396 909 1427 dominus
922 1395 1092 1426 Iohannes
1109 1395 1220 1426 dictus
1237 1395 1329 1437 quod
1348 1395 1519 1427 exercitus
1532 1395 1660 1426 domini
1676 1394 1888 1427 Bernabovis
1898 1393 1971 1433 [ap—

219 1538 239 1555 i.
260 1531 316 1556 ian.
336 1534 364 1557 et
392 1532 488 1557 diebus
515 1535 601 1564 Mum,
631 1535 676 1559 Cr.
707 1547 737 1551 —-
766 1538 820 1565 4-5.
845 1532 1037 1557 efficiebantur
1067 1531 1155 1563 MUR„
1179 1533 1223 1557 Cr.
1246 1546 1276 1548 —-
1298 1539 1319 1564 5.
1342 1532 1383 1556 ita
1402 1532 1476 1563 quod
1497 1539 1567 1555 corr.
1587 1532 1672 1560 Mun„
1695 1532 1754 1557 Cr.;
1774 1531 1868 1562 itaque
1887 1530 1919 1554 A.
1941 1542 1972 1546 —

133 1580 146 1605 5
167 1583 180 1598 e
199 1575 224 1600 6.
245 1576 413 1608 porticibus]
438 1579 565 1610 partibus
590 1578 632 1607 Α.,
652 1579 739 1608 Mun„
761 1579 822 1602 Cn:
842 1585 883 1600 ma
913 1577 1039 1609 partibus
1068 1574 1081 1599 ἒ.-
1103 1577 1205 1607 petrola
1232 1580 1328 1608 troppo
1352 1577 1482 1609 generica
1501 1585 1512 1599 e
1532 1576 1576 1600 che
1595 1576 1695 1600 rimane
1714 1584 1792 1600 senza
1810 1575 1973 1608 ngm'ficato,

128 1623 226 1644 mentre
244 1621 270 1644 il
284 1621 399 1645 cronista
418 1622 450 1646 lm
470 1623 559 1646 voluto
579 1623 636 1646 dz're
650 1622 692 1646 clm
711 1630 759 1646 non
778 1622 802 1645 si
821 1621 921 1645 vedeva
930 1620 979 1651 μὴ
992 1621 1028 1644 da
1041 1629 1074 1643 uu
1083 1621 1187 1651 portico
1201 1620 1323 1645 all’altro
1337 1621 1410 1645 della
1428 1624 1510 1645 stesso
1529 1621 1586 1650 via,
1594 1618 1692 1650 perche}
1705 1621 1732 1644 la
1745 1627 1810 1643 neve
1822 1619 1971 1643 ammoutic-

130 1663 217 1687 chiata
239 1668 373 1695 superava
391 1665 517 1690 l’altezza
535 1667 580 1690 dei
593 1667 694 1698 portici
713 1681 743 1684 —
763 1673 788 1697 9.
809 1664 995 1690 cernebantur
1013 1665 1100 1693 Mun„
1127 1666 1172 1690 Cr.
1194 1677 1202 1682 -
1222 1672 1309 1696 neque
1328 1665 1425 1689 avanti
1440 1673 1457 1688 a
1476 1672 1572 1688 currus
1599 1673 1664 1696 agg.
1685 1664 1775 1692 Μυκ,
1801 1665 1846 1689 Cr.
1873 1677 1904 1681 —
1934 1670 1972 1686 10.

132 1713 189 1731 non
209 1715 259 1732 om.
279 1708 356 1733 MUR.
378 1723 410 1726 —
434 1716 474 1735 11.
491 1711 658 1735 corruerunt
685 1717 754 1735 corr.
783 1710 871 1740 Μυκη
899 1710 956 1734 Cr.;
984 1709 1135 1733 cernei-unt
1163 1708 1196 1733 A.
1216 1721 1248 1725 —
1272 1715 1312 1734 12.
1330 1709 1484 1740 respiravit
1503 1709 1551 1738 A.;
1577 1709 1699 1740 spiravit
1719 1708 1806 1737 Μυκ,
1829 1709 1874 1733 Cr.
1894 1720 1905 1725 -

133 1750 240 1776 vicinas
261 1753 365 1777 riuulas
385 1754 433 1784 A.3
452 1754 500 1778 nix
521 1762 569 1785 per
588 1754 706 1779 rimulas
726 1755 813 1784 Mun.¹
835 1755 881 1779 Cr.
903 1768 933 1772 —
957 1759 996 1784 13.
1021 1754 1048 1777 et
1068 1751 1234 1785 praedictas]
1253 1754 1281 1777 et
1299 1760 1349 1784 per
1368 1753 1460 1777 dictas
1488 1753 1575 1783 Mum,
1597 1754 1642 1777 Cr.
1663 1766 1674 1771 -
1693 1753 1810 1784 replevit
1831 1760 1898 1784 agg.
1921 1752 1974 1775 mia

131 1807 164 1811 —
187 1801 226 1826 14.
246 1803 296 1828 per
314 1803 383 1821 corr.
410 1797 498 1828 Mun„
529 1799 588 1828 Cr.3
617 1805 666 1831 pre
685 1798 716 1822 Α.
735 1810 746 1816 ·
766 1797 911 1831 proiectis]
939 1796 1106 1830 preiectibus
1134 1795 1178 1825 A.;
1205 1804 1254 1821 om.
1279 1796 1355 1821 Mun.
1378 1810 1409 1814 —
1432 1804 1470 1829 15.
1499 1797 1686 1821 existentibus
1711 1803 1779 1820 corr.
1803 1797 1890 1825 Mum,
1911 1796 1973 1825 σφ’-ς

131 1840 275 1864 existendo
294 1841 328 1865 Α.
348 1854 380 1859 -
402 1847 440 1873 17.
461 1842 587 1874 fortiter]
607 1842 729 1867 fortuitu
748 1841 795 1871 A.;
816 1841 962 1866 fortilitias
981 1842 1067 1870 Mun„
1089 1842 1150 1870 Cr.;
1169 1849 1211 1866 ma
1223 1840 1348 1872 fortczze
1365 1842 1446 1872 lungo
1465 1842 1493 1864 la
1512 1842 1611 1866 Muzza
1630 1848 1680 1864 non
1694 1840 1840 1865 esisteetcro
1860 1841 1921 1867 mai,
1942 1848 1973 1862 uc

131 1883 238 1907 sarebbe
257 1885 281 1907 il
296 1892 357 1909 caso
376 1886 407 1908 dz'
424 1886 486 1910 todi
506 1886 664 1916 fortilitias,
676 1886 721 1909 clte
735 1893 784 1909 nou
797 1885 909 1910 avrebbe
927 1893 999 1910 senso
1020 1898 1027 1902 -
1040 1886 1094 1917 sm
1112 1884 1174 1909 fodi
1194 1885 1229 1908 ed
1244 1892 1305 1909 eam
1320 1884 1396 1909 MUR.
1417 1894 1429 1908 e
1451 1886 1496 1910 Cr.
1517 1893 1582 1917 agg.
1603 1892 1679 1909 secus
1699 1897 1709 1902 -
1729 1884 1892 1916 braghirare
1906 1891 1973 1908 corr.

129 1927 215 1955 Mun„
236 1929 298 1960 Cr.;
318 1929 463 1961 baghirate
484 1930 514 1954 Α,
536 1944 567 1947 —
587 1928 634 1955 et³
658 1937 721 1962 agg.
736 1931 814 1954 Mun.
828 1938 840 1953 e
856 1931 909 1960 Cn,
929 1938 971 1954 ma
991 1930 1092 1954 avanti
1109 1929 1255 1961 palancare
1276 1943 1306 1946 -
1330 1936 1369 1960 19.
1390 1930 1418 1954 et
1440 1930 1518 1961 quasi
1539 1930 1627 1954 totius
1648 1937 1718 1954 corr.
1737 1929 1824 1957 Mun.⁷
1846 1929 1907 1958 Cr.3
1925 1928 1974 1958 qui

134 1971 222 1995 tutius
240 1972 273 1996 A.
293 1986 324 1990 --
346 1979 436 1997 20-21.
455 1974 553 1998 martis
573 1980 606 2005 11J
626 1973 694 2005 dec.]
722 1974 812 1999 sabati
832 1980 846 2005 3
867 1974 923 1997 dec.
942 1973 982 2003 A.‚
1003 1973 1089 2002 Mum,
1122 1973 1180 1999 Cr.;
1202 1980 1243 1996 ma
1262 1973 1286 1996 il
1302 1981 1317 1999 ,ς
1337 1972 1387 1997 dic.
1399 1974 1436 2005 ju
1461 1972 1574 1997 merted}
1593 1981 1606 1995 e
1620 1974 1644 1997 il
1655 1974 1743 2004 primo
1765 1972 1854 1996 sabato
1875 1972 1905 1995 di
1923 1972 1973 1995 dic.

1924 1708 1972 1731 nix

126 2015 163 2046 su
177 2015 203 2038 il
216 2016 241 2045 ό,
255 2016 320 2040 onde
332 2017 398 2041 deve
411 2018 514 2042 esservi
525 2026 615 2043 errore
628 2020 674 2042 nel
685 2026 756 2042 nome
769 2019 813 2042 del
820 2018 929 2050 giorno,
944 2025 995 2041 non
1014 2018 1058 2041 nel
1074 2024 1187 2044 numero,
1201 2015 1246 2040 ch}
1259 2017 1408 2041 altrimenti
1420 2017 1451 2041 vi
1462 2017 1567 2041 sarehbe
1587 2020 1722 2042 contrusio
1741 2025 1786 2042 con
1805 2018 1829 2040 lc
1850 2017 1910 2040 date
1929 2016 1973 2039 che

130 2064 243 2088 seguono
263 2066 276 2081 c
294 2065 340 2082 con
359 2059 382 2082 il
404 2060 501 2084 Villola
525 2058 572 2092 (cf.
592 2064 653 2084 nota
673 2060 699 2092 4)
714 2074 745 2077 —
761 2066 802 2084 21.
821 2059 905 2092 quod]
925 2060 991 2091 quia
1010 2059 1052 2089 Α.,
1067 2059 1153 2088 Mum,
1174 2059 1219 2084 Cr.
1242 2072 1273 2076 -
1295 2065 1323 2082 21
1340 2073 1349 2076 -
1362 2065 1387 2089 p⁴
1405 2065 1462 2089 172,
1477 2060 1491 2083 l.
1515 2066 1536 2083 1.
1557 2059 1803 2091 appropinquabat
1817 2067 1882 2090 agg.
1897 2059 1974 2082 Μυκ-

131 2143 179 2167 che
209 2151 223 2168 a
246 2147 384 2177 compiere
413 2154 448 2170 un
477 2147 549 2171 altro
577 2150 705 2171 semestre
731 2148 769 2178 gli
801 2155 980 2171 avanzarono
1009 2155 1023 2170 a

133 2187 189 2211 fare
209 2194 240 2211 22
261 2189 355 2219 giorni
377 2189 404 2212 di
426 2190 591 2220 podesteria.

219 2227 227 2244 ¹
247 2230 271 2254 Il
291 2229 413 2255 Griffoni
432 2231 531 2261 (Mem,
546 2233 613 2256 ediz.
629 2234 685 2257 cit..
700 2240 724 2263 p.
740 2232 771 2256 61
788 2233 818 2256 ll.
833 2232 942 2264 28-3o)t
960 2232 971 2244 ‘¹
984 2232 1024 2255 Dc

133 2272 250 2296 “mense
271 2273 400 2300 ianuarii,
423 2275 449 2297 in
477 2275 522 2297 die
543 2276 630 2298 sancti
661 2275 780 2298 Antonii
809 2273 854 2306 [17
881 2273 1025 2305 genuam]-

133 2314 145 2325 “
158 2314 281 2338 Maxima
294 2316 343 2338 nix
356 2316 411 2339 fuit
426 2317 453 2339 in
466 2316 594 2339 Bononia
606 2318 631 2339 et
653 2317 797 2343 comitatu,
817 2318 912 2340 tantae
933 2316 1026 2339 altitu·

132 2356 233 2380 “dinis
252 2358 325 2388 quod
346 2365 495 2388 numquam
518 2359 575 2381 visa
595 2359 649 2381 suit
670 2358 773 2382 similiS
792 2360 819 2382 et
832 2360 966 2389 perpetuo
982 2366 1025 2381 vo-

131 2397 215 2422 “cata
242 2400 283 2422 est
314 2401 341 2423 la
362 2408 427 2423 neve
443 2401 564 2431 grande:
591 2402 617 2423 et
640 2401 693 2424 fuit
720 2407 800 2424 causa
826 2401 1026 2424 destructionis

133 2440 145 2453 ‘¹
158 2441 307 2465 multarum
328 2442 473 2465 domorum
497 2450 565 2473 quac
585 2443 778 2473 ceciderunt„.

219 2481 229 2498 ²
247 2483 340 2507 Erano
360 2481 419 2508 cosi
441 2483 489 2508 alti
513 2486 519 2507 i
541 2484 644 2508 cumuli
667 2485 693 2508 di
717 2492 785 2508 neve
806 2486 834 2508 in
856 2493 950 2508 mezzo
971 2485 1025 2508 alle

134 2526 177 2549 vie
197 2526 231 2549 da
251 2533 379 2557 superare
399 2526 523 2550 l'altezza
544 2528 586 2550 dei
609 2528 729 2558 portici:
751 2527 777 2550 la
799 2527 879 2558 quale
893 2527 937 2551 del
953 2529 1028 2550 resto

134 2568 161 2590 in
183 2567 302 2591 Modena
323 2576 336 2592 e
358 2568 429 2592 nelle
453 2570 545 2592 vicine
566 2567 635 2592 citra
657 2576 712 2592 non
733 2576 778 2592 era
799 2569 887 2592 molto
907 2570 1025 2600 grande:

134 2610 140 2632 i
162 2611 264 2640 portici
286 2611 315 2633 in
336 2610 463 2641 generale
483 2618 567 2634 erano
582 2618 652 2642 poco
668 2610 715 2642 piu
730 2610 831 2634 elevati
853 2611 1026 2634 dell’altezza

133 2651 204 2675 d’un
226 2659 317 2675 uomo.
338 2652 368 2675 In
390 2652 525 2683 Bologna,
547 2660 601 2676 una
621 2653 700 2683 grida
721 2652 764 2676 del
784 2659 800 2683 9
814 2653 935 2683 gennaio
955 2653 1028 2675 ordi-

134 2700 205 2717 nava
224 2693 252 2716 lo
273 2695 378 2717 scarico
399 2694 473 2717 della
495 2702 562 2717 neve
586 2695 630 2718 dai
652 2695 715 2718 tetti
737 2694 809 2717 delle
829 2702 889 2718 case
908 2701 923 2718 e
942 2694 1027 2718 un’al-

132 2736 174 2758 tra
194 2735 237 2758 del
259 2734 293 2758 26
311 2736 432 2765 germaio
453 2735 481 2758 lo
502 2736 647 2766 sgombero
668 2735 740 2758 delle
757 2736 848 2759 strade
869 2734 912 2765 (R.
934 2736 1025 2759 Ach.

132 2784 161 2800 m
181 2777 278 2802 STATo
297 2784 327 2801 m
350 2778 499 2808 Romnum,
522 2778 584 2801 Atti
602 2779 646 2801 del
666 2778 790 2805 Podestii.
811 2778 843 2803 ad
862 2778 946 2808 ann).

220 2817 230 2833 ³
251 2819 289 2843 La
308 2819 405 2843 Muzza
424 2818 438 2843 'e
458 2827 493 2843 nn
515 2820 681 2843 torrentcllo
703 2820 759 2850 che,
780 2821 936 2843 scendendo
954 2820 1026 2844 dalle

132 2861 236 2885 colline
256 2862 283 2884 di
306 2862 433 2885 Bazzano
455 2863 608 2886 attraverso
631 2861 649 2884 il
671 2863 815 2885 territorio
830 2863 916 2893 piano
930 2862 956 2885 di
978 2862 1027 2885 Ca-

135 2903 295 2931 stelfranco,
316 2906 435 2927 metteva
456 2911 524 2935 capo
538 2906 564 2927 in
586 2903 695 2927 panaro
716 2911 809 2935 presso
830 2904 971 2933 Stussionc,
992 2912 1027 2927 se·

137 2945 257 2975 gnando,
280 2946 343 2968 sino
363 2946 515 2977 dall'opoca
538 2946 717 2977 longobarda,
742 2946 759 2969 il
776 2946 883 2969 ronfinc
897 2948 938 2969 tra
956 2948 960 2969 i
978 2948 1027 2969 ter-

135 2989 216 3011 ritori
231 2988 258 3011 di
276 2988 401 3019 Bologna
416 2996 429 3011 e
443 2989 469 3012 di
488 2989 624 3015 Modena3
640 2988 734 3019 pervio
756 2990 761 3012 i
779 2989 937 3020 Bolognesi,
953 2997 966 3012 a
988 2997 1028 3011 co·

1078 2147 1211 2170 minciare
1232 2146 1276 2170 dal
1298 2148 1392 2178 tempo
1415 2147 1456 2170 de]
1480 2146 1621 2170 cardinale
1642 2147 1734 2177 legato
1754 2142 1918 2169 Bertrando'
1935 2146 1972 2169 du

1079 2189 1178 2222 Poujet
1199 2197 1292 2220 spesso
1314 2188 1340 2212 la
1361 2188 1546 2212 rass‘orzarono
1567 2196 1618 2211 con
1640 2188 1782 2219 palancati
1809 2196 1822 2211 e
1849 2189 1972 2215 stem-ati,

1079 2239 1127 2262 per
1141 2239 1260 2262 opporre
1276 2239 1305 2254 su
1326 2231 1417 2262 quella
1438 2231 1512 2253 linea
1534 2231 1559 2254 la
1582 2232 1734 2254 necessaria
1756 2231 1903 2253 resistcnza
1919 2229 1972 2253 alle

1080 2275 1235 2297 incursioni
1263 2274 1395 2297 nemiche.
1411 2273 1479 2297 Sino
1494 2273 1639 2296 dall'anno
1654 2273 1815 2304 precedente
1831 2272 1972 2303 l'Oleggio

1079 2324 1165 2340 aveva
1188 2317 1259 2340 fatto
1280 2316 1432 2339 rinforzare
1446 2316 1471 2338 le
1485 2316 1600 2347 guardic
1622 2316 1665 2338 nei
1687 2315 1793 2338 castelli
1816 2315 1843 2337 di
1865 2314 1972 2337 confine

1077 2358 1274 2389 (SIGHINOLm,
1295 2362 1334 2388 op.
1355 2359 1408 2385 cit.y
1429 2365 1454 2389 p.
1476 2356 1544 2388 228).
1583 2358 1699 2381 Ilavori
1716 2358 1742 2380 di
1760 2357 1972 2381 rafforzamento

1079 2400 1135 2424 alla
1149 2399 1245 2423 Muzza
1260 2407 1344 2423 erano
1358 2399 1404 2430 gia
1419 2400 1483 2423 stati
1507 2400 1675 2430 predisposti
1693 2399 1856 2427 nell'estate,
1874 2396 1973 2429 perche

1081 2440 1221 2473 l’Oleggio
1251 2441 1271 2464 il
1291 2448 1306 2472 3
1337 2442 1484 2465 settembre
1504 2439 1602 2473 delego
1623 2449 1637 2464 a
1658 2441 1781 2465 visitarli
1810 2439 1972 2471 Guglielmo

1080 2483 1186 2507 Donati
1208 2491 1221 2507 e
1241 2483 1326 2507 Fazio
1347 2483 1421 2514 degli
1443 2483 1539 2507 Uberti
1561 2482 1665 2514 (Auen.
1687 2483 1742 2512 cit.‚
1765 2482 1942 2505 Provmsiom‘
1961 2490 1972 2503 r

1085 2526 1248 2558 Risurmag„
1265 2532 1379 2557 n.,1359,
1395 2533 1416 2548 c.
1429 2524 1481 2556 73).
1494 2525 1681 2548 Nell‘ottobre
1693 2524 1835 2556 l'Oleggio
1848 2525 1973 2547 scriveva

1081 2570 1104 2592 ai
1127 2567 1258 2600 Gonzaga
1280 2568 1329 2591 che
1350 2568 1369 2591 il
1385 2568 1483 2591 lavoro
1503 2567 1579 2591 della
1593 2566 1687 2590 Muzza
1703 2567 1856 2597 procedeva
1874 2566 1884 2577 ‘¹
1898 2565 1972 2588 bello

1084 2612 1095 2622 ¹¹
1108 2618 1121 2633 e
1135 2610 1226 2639 utile„
1249 2609 1444 2641 (SmfflNoLFl,
1465 2613 1505 2639 op.
1521 2609 1574 2638 cit*⁷
1589 2616 1614 2640 p.
1630 2607 1699 2639 286).
1739 2608 1759 2631 Il
1777 2609 1819 2631 vb.
1837 2612 1848 2619 ¹·
1861 2608 1971 2639 braghi-

1085 2655 1096 2664 ⁴⁴
1111 2659 1170 2676 rare
1182 2670 1193 2681 „
1216 2651 1342 2683 significa
1363 2653 1492 2675 rivcstire
1513 2651 1540 2674 di
1558 2652 1663 2674 fascine
1676 2658 1690 2674 e
1712 2651 1838 2681 legname
1854 2650 1880 2673 la
1895 2652 1973 2681 parte

1082 2696 1193 2718 interna
1213 2694 1286 2724 degli
1309 2695 1415 2725 argini;
1438 2694 1456 2716 il
1475 2694 1485 2705 ‘¹
1499 2693 1648 2724 palancare
1660 2710 1672 2722 „
1689 2700 1733 2715 era
1749 2692 1769 2715 il
1786 2693 1843 2715 fare
1858 2699 1913 2715 una
1927 2699 1973 2722 pa-

1081 2737 1180 2760 lizzata
1214 2736 1385 2766 sull’argine
1413 2735 1439 2765 (*‘
1451 2735 1559 2767 incepit
1592 2735 1681 2758 sacci-e
1714 2734 1770 2757 fodi
1804 2733 1972 2757 Muzarn....

1081 2778 1093 2791 “
1107 2779 1175 2811 poni
1202 2778 1336 2801 stelloues
1355 2785 1406 2809 pro
1427 2777 1576 2808 palancato
1603 2776 1730 2806 fiend0„‚
1751 2776 1785 2799 ha
1806 2776 1825 2799 il
1848 2775 1973 2799 GRH-'Fo-

1081 2827 1122 2845 Νι,
1145 2821 1232 2847 illem,
1252 2819 1322 2843 ediz⁴
1344 2821 1399 2848 cit,
1421 2827 1445 2851 p.
1465 2818 1507 2845 61.
1529 2819 1557 2841 ll.
1578 2817 1681 2850 37-38).

1169 2865 1179 2876 ⁴
1201 2862 1298 2885 Infatti
1322 2862 1341 2884 il
1364 2861 1472 2884 Villola
1493 2861 1581 2884 scrive
1601 2862 1707 2892 (presso
1728 2860 1911 2885 Smmxomrx,
1932 2862 1973 2888 op.

1082 2905 1134 2930 cst„
1156 2912 1181 2935 p.
1203 2902 1263 2934 288)
1284 2903 1332 2926 che
1355 2905 1365 2915 “
1379 2903 1513 2927 anchemo
1533 2901 1562 2926 dl
1585 2903 1612 2935 ij
1634 2903 1666 2925 dc
1687 2901 1828 2925 decembre
1849 2899 1919 2924 sono
1947 2900 1973 2923 la

1085 2947 1233 2977 “canpnna
1257 2945 1336 2968 ch’on
1359 2953 1423 2968 omo
1454 2944 1608 2968 calvalcaso
1629 2952 1642 2967 a
1664 2944 1687 2967 la
1710 2943 1796 2971 Muza,
1825 2942 1941 2973 povoilo
1962 2950 1974 2963 ‹-

1084 2990 1095 3003 a
1110 2988 1241 3012 cavalicri
1255 3006 1277 3017 „‚

2018 2150 2049 2177 35

2002 2361 2035 2385 40

2002 2570 2032 2594 45

2003 2780 2036 2806 50

2006 2990 2036 3014 55
