2318 3603
155 402 173 414 c.
191 396 242 414 11οὑ

152 602 225 621 Mun..
244 602 281 623 605

148 1242 167 1257 c.
183 1236 239 1259 θνα

274 2217 304 2233 10

270 2460 298 2485 15

266 2673 300 2691 20

921 213 1237 249 CHRONICON
1256 214 1576 251 MUTINENSE
1871 222 1958 255 [AA.
1980 224 2170 257 1345-1346]

338 286 2165 298 .........................................................................................................................................................................................................

336 340 370 365 et
394 334 471 365 aliis
493 333 595 365 rebus
618 334 653 364 in
676 334 823 365 maxima
847 334 1054 376 quantitate:
1088 341 1121 366 et
1153 341 1250 366 erant
1281 335 1325 366 de
1348 336 1476 376 populo
1498 336 1654 367 Mutinae
1678 336 1834 367 homines
1864 343 1983 377 portae
2014 336 2168 369 Albareti

338 385 396 426 [et]
426 385 626 428 Bacuariae‚
651 385 710 428 qui
740 393 897 418 verentes
927 386 1021 418 ibant
1053 387 1089 418 in
1112 387 1224 418 multis
1256 387 1340 418 locis
1362 398 1467 429 usque
1497 389 1542 419 ad
1573 398 1686 430 genua
1715 388 1866 429 pluendo
1889 389 2055 421 fortiter.'
2101 389 2170 426 Qui

337 438 545 470 Theutonici
569 438 604 469 in
627 444 721 470 tanta
744 445 855 482 strage
879 445 1047 470 venerunt
1070 439 1162 481 quod
1186 439 1309 470 mulier
1330 450 1399 470 una
1423 441 1495 471 sola
1519 441 1561 472 de
1587 441 1679 472 dicto
1705 447 1816 472 castro
1833 440 2034 479 Herberiae,
2052 442 2168 473 exiens

334 491 407 522 sola
430 501 506 522 cum
531 490 605 522 aliis
629 491 671 522 de
697 491 791 522 dicto
816 497 927 523 castro
952 492 997 523 ad
1019 492 1253 533 praedandum
1272 492 1462 523 exereitum
1479 493 1698 525 recedentem
1715 505 1734 524 a
1751 494 1843 524 dicto
1861 500 1983 531 castro,
2009 504 2085 525 cum
2101 504 2168 525 uno

333 543 468 574 forcato
491 543 640 585 quinque
665 553 707 574 ex
731 543 833 574 dictis
858 543 1085 575 Theutonicis
1109 544 1249 575 armatis
1273 544 1365 585 cepit
1389 550 1423 575 et
1445 554 1503 576 eos
1527 546 1691 577 conduxit
1725 546 1760 576 in
1788 546 1882 577 dicto
1899 553 2010 577 castro
2035 546 2167 578 Herbe-

331 595 401 625 riae
424 594 657 636 percuciendo
682 605 740 626 eos
753 594 860 626 ‘cum'
878 595 970 626 dicto
986 596 1130 627 forcato.
1179 594 1249 632 Qui
1273 596 1445 627 exercitus
1469 596 1549 628 inde
1565 607 1600 628 se
1624 597 1792 638 separavit
1810 597 1865 628 die
1883 597 1931 639 iiij
1949 597 2147 629 novembris
2161 598 2169 614 ¹

334 654 367 679 et
390 648 559 679 Mutinam
583 648 696 680 rediit.
742 648 787 680 Et
812 654 892 679 tunc
909 655 1006 680 erant
1023 648 1161 689 pluviae
1179 649 1346 680 maximae
1365 655 1398 680 et
1415 649 1662 681 inundaciones
1678 660 1842 691 aquarum
1859 650 1953 680 fluvii
1977 650 2077 681 valde
2101 660 2169 681 ma-

333 701 514 742 gnissimae
539 706 646 732 erant.
670 701 770 732 Tunc
797 701 839 732 de
863 701 955 733 dicto
979 711 1096 732 mense
1127 701 1301 744 Cagnolus
1327 702 1369 732 de
1401 701 1550 743 Corigia,
1582 703 1640 744 qui
1672 703 1830 734 detentus
1863 708 1935 733 erat
1966 702 2000 733 in
2033 702 2171 734 civitate

332 753 501 790 Ferariae,
526 753 686 784 mandato
711 753 839 784 domini
862 753 1088 791 Marchionis,
1112 753 1180 784 fuit
1203 753 1381 791 relaxatus,
1399 754 1479 785 dato
1505 760 1538 785 et
1554 754 1681 786 tradito
1699 755 1791 787 dicto
1808 755 2018 791 Marchioni,
2036 755 2171 786 scilicet

330 806 423 847 genti
459 816 550 843 suae,
588 812 698 837 castro
735 806 912 838 Gualterio
949 807 1166 847 episcopatus
1201 805 1345 837 Parmae
1377 814 1410 838 et
1441 806 1546 847 ipsius
1576 806 1738 849 Cagnoli;
1777 809 1869 849 quod
1905 814 2049 839 castrum
2085 806 2170 849 [per]

332 858 518 889 exercitum
542 857 677 889 illorum
701 859 744 890 de
771 859 933 901 Gonzaga
956 858 1182 890 incontinenti
1199 858 1265 889 fuit
1291 859 1457 890 firmatum
1483 864 1516 890 et
1541 858 1726 900 [re]levatis
1749 860 1924 902 manganis
1940 865 1974 891 et
1997 859 2171 891 trabuchis

335 915 367 941 et
391 910 494 941 factis
519 911 742 942 circumcirca
769 911 1020 952 balest[re]riis;
1045 917 1079 942 et
1103 911 1154 941 his
1186 911 1286 942 factis
1311 911 1422 942 dictus
1445 911 1614 942 exercitus
1637 921 1673 942 se
1689 912 1860 953 separavit
1885 918 1919 944 et
1950 912 2010 943 ivit
2034 912 2070 942 in
2095 912 2172 943 loco

331 964 424 995 dicto
441 963 485 994 ad
502 963 691 995 Cantonem
705 963 715 980 ²
733 964 906 995 districtus
921 964 1065 995 Parmae
1091 963 1331 995 constituendo
1354 963 1482 995 ibidem
1507 974 1608 994 unam
1625 964 1766 995 bastiam
1783 964 1841 1005 [et]
1857 964 2044 996 muniendo
2065 964 2173 1006 ipsam

329 1016 430 1047 rebus
453 1016 669 1047 necessariis.
716 1017 761 1048 Et
786 1016 841 1048 die
866 1016 972 1048 sabati
995 1016 1031 1058 iij
1058 1015 1253 1047 decembris
1277 1022 1423 1048 castrum
1447 1016 1652 1059 Formiginis
1668 1024 1908 1058 recuperatum
1925 1017 1992 1048 {uit
2008 1018 2170 1048 mandato

330 1068 544 1100 Marchionis
556 1067 577 1100 ³.
625 1069 726 1100 Tunc
749 1069 804 1100 die
829 1069 989 1100 mercurii
1012 1069 1067 1111 xxj
1094 1069 1288 1100 decembris
1312 1069 1482 1100 Henricus
1507 1075 1540 1100 et
1564 1069 1770 1101 Franciscus
1795 1070 1838 1101 de
1861 1069 1956 1112 Loco
1980 1070 2104 1101 fratres
2127 1069 2170 1101 de

330 1121 450 1152 Padua
474 1122 510 1151 in
534 1122 669 1162 palacio
686 1122 838 1153 comunis
855 1121 995 1153 Paduae
1013 1122 1173 1153 mandato
1193 1123 1406 1153 dominorum
1423 1122 1537 1153 Iacobi
1556 1128 1589 1152 et
1608 1122 1772 1154 Iacomini
1791 1122 2003 1153 dominorum
2022 1122 2171 1154 civitatis

331 1173 448 1205 Padue
473 1174 659 1216 decapitati
676 1174 813 1205 fuerunt
838 1174 884 1215 [et
910 1174 1050 1216 absque]
1068 1174 1236 1206 sententia
1252 1174 1452 1215 interempti
1466 1174 1488 1205 ⁴.

419 1226 587 1258 Dominus
611 1226 798 1258 Gulielmus
821 1227 864 1258 de
890 1227 1020 1268 Campo
1047 1227 1165 1258 Sancti
1191 1226 1283 1258 Petri
1308 1227 1351 1258 de
1375 1227 1494 1259 Padua
1519 1228 1672 1258 Potestas
1695 1228 1848 1259 Mutinae
1874 1229 1909 1258 in
1926 1228 2166 1270 M.cccxxxxvj

331 1289 394 1320 pro
411 1280 550 1311 domino
564 1279 778 1317 Marchione,
792 1280 993 1321 incipiendo
1010 1281 1164 1322 regimen
1178 1290 1272 1310 suum
1286 1280 1321 1310 in
1335 1280 1488 1311 calendis
1500 1280 1676 1311 februarii.
1691 1280 1754 1311 Die
1769 1281 1924 1311 mercurii
1939 1279 1992 1322 viij
2010 1280 2172 1311 februarii

330 1333 424 1363 iuxta
439 1332 557 1364 horam
574 1332 674 1373 primi
690 1333 800 1364 somni
818 1334 850 1363 in
870 1333 1008 1364 civitate
1025 1332 1180 1364 Mutinae
1198 1333 1261 1363 fuit
1280 1339 1513 1365 terraemotus.
1546 1333 1610 1363 Die
1628 1334 1763 1364 veneris
1779 1333 1873 1375 xxiiij
1892 1332 2057 1364 februarii
2075 1332 2169 1363 Hen-

330 1385 420 1415 ricus
433 1391 465 1416 et
489 1385 723 1427 Henghirame
748 1386 792 1417 de
817 1386 976 1427 Gorcano
1000 1386 1252 1417 revellaverunt
1278 1393 1421 1417 castrum
1448 1386 1596 1429 Gorcani
1622 1386 1760 1417 domino
1775 1385 1971 1417 Marchioni
1988 1392 2020 1416 et
2038 1386 2173 1416 comuni

327 1437 481 1469 Mutinae
499 1443 532 1468 et
549 1438 584 1468 in
600 1438 675 1478 ipso
695 1445 805 1469 castro
822 1446 1029 1480 acceperunt
1047 1440 1233 1470 Iohannem
1248 1440 1290 1470 de
1306 1439 1420 1472 Fredo
1435 1449 1510 1470 cum
1524 1439 1680 1481 gentibus
1694 1439 1905 1470 dominorum
1919 1439 1961 1470 de
1975 1438 2139 1481 Goncaga
2152 1438 2173 1470 ⁵.

328 1490 428 1521 Tunc
446 1491 503 1522 die
521 1490 620 1522 lunae
635 1492 728 1535 :avij
747 1492 911 1524 februarii
928 1492 1121 1524 Coradinus
1138 1493 1179 1523 de
1199 1492 1345 1524 Gomola
1362 1493 1541 1524 revellavit
1559 1499 1703 1524 castrum
1728 1493 1771 1524 de
1795 1492 2010 1524 Rancidorio
2035 1491 2173 1523 domino

328 1543 525 1575 Marchioni
538 1544 559 1582 ⁶,
577 1551 610 1576 et
627 1545 670 1576 de
689 1546 782 1576 dicto
798 1556 914 1576 mense
931 1545 1050 1576 marcii
1068 1546 1203 1577 nobiles
1220 1546 1262 1577 de
1280 1545 1474 1577 Mantredis
1488 1545 1545 1586 [et]
1560 1547 1603 1577 de
1621 1546 1783 1578 Robertis
1800 1546 1842 1577 de
1860 1545 1973 1587 Regio
1990 1555 2173 1586 separave-

328 1603 406 1628 runt
423 1608 458 1629 se
484 1599 527 1629 de
551 1598 643 1629 dicta
667 1599 806 1630 civitate
831 1599 935 1641 Regii
960 1606 994 1630 et
1010 1600 1145 1630 iverunt
1162 1600 1206 1630 ad
1223 1607 1333 1631 castra
1350 1610 1419 1637 sua,
1437 1599 1486 1630 illi
1506 1600 1548 1631 de
1566 1599 1729 1631 Robertis
1747 1600 1790 1630 ad
1807 1599 1969 1631 Sanctum
1987 1598 2173 1629 Martinum

330 1657 363 1681 et
388 1650 435 1681 illi
461 1652 504 1682 de
527 1650 722 1682 Mant'redis
746 1652 789 1682 ad
814 1652 1017 1694 Romanum,
1044 1658 1077 1683 et
1102 1658 1220 1693 postea
1247 1653 1415 1693 praedicti
1442 1652 1572 1683 nobiles
1597 1652 1752 1683 fecerunt
1784 1652 1966 1693 quemdam
1991 1656 2172 1682 tractatum

330 1712 406 1733 cum
431 1703 569 1735 domino
593 1703 797 1735 Marchione
824 1711 857 1735 et
881 1711 1048 1735 venerunt
1072 1704 1227 1735 Mutinae
1253 1712 1286 1735 et
1311 1711 1429 1745 postea
1453 1705 1586 1735 iverunt
1606 1704 1777 1735 Ferariam
1795 1703 1838 1735 ad
1856 1703 2046 1745 praefatum
2064 1703 2173 1734 domi-

421 1838 442 1854 2.
456 1832 484 1855 et
497 1840 564 1863 agg.
580 1832 668 1861 Mum,
689 1833 734 1856 Cr.
751 1845 760 1849 -
776 1831 912 1863 verentes]
933 1834 1029 1857 euntes
1049 1833 1137 1861 Mun..
1162 1834 1206 1856 Cr.
1229 1846 1258 1850 ἡ
1282 1834 1335 1863 7-3,
1356 1840 1491 1864 aquarum
1507 1832 1583 1855 llnvii
1607 1833 1685 1855 wilde
1701 1832 1867 1863 magr-issimi
1881 1832 1960 1855 erant
1973 1831 2021 1859 Λ.;
2034 1836 2170 1862 aquarum

330 1873 479 1897 fluviorum
493 1873 574 1898 valde
588 1881 706 1906 magnae
719 1877 800 1898 erant
815 1875 906 1904 MUR.;
926 1882 1058 1905 aquarum
1078 1875 1163 1898 fluvio
1182 1876 1263 1899 valde
1283 1875 1482 1906 magnissiniae
1500 1876 1581 1898 erant
1603 1875 1647 1899 Cr.
1663 1889 1694 1892 a<
1709 1883 1732 1905 9.
1747 1874 1822 1897 dicto
1844 1873 2006 1897 Mai-chinni
2026 1880 2074 1897 om.
2092 1871 2172 1896 Mun.

328 1928 359 1931 —
378 1922 416 1939 10.
431 1917 460 1939 et
474 1916 562 1946 ipsius
581 1915 701 1946 Cagnoli
716 1924 763 1939 om,
786 1917 878 1943 Mum:
898 1917 973 1946 quod
991 1918 1050 1940 erat
1072 1916 1160 1947 ipsius
1182 1917 1303 1947 Cagnoli
1325 1917 1370 1940 Cr.
1391 1929 1402 1934 -
1421 1923 1471 1948 per
1490 1924 1556 1947 agg.
1577 1917 1669 1940 Mum:
1691 1916 1745 1944 Cn,
1766 1923 1835 1947 agg.
1849 1917 1941 1939 {nvece
1960 1915 2059 1938 contra
2082 1927 2112 1930 -—
2129 1920 2170 1937 11.

330 1957 456 1981 firmatus
474 1959 502 1981 et
521 1958 629 1981 levatus
650 1958 822 1981 marchionis
841 1959 869 1982 et
888 1958 936 1987 A.;
957 1958 1096 1982 firmatum
1115 1958 1219 1982 levatis
1240 1959 1375 1982 machinis
1395 1960 1421 1982 et
1440 1959 1529 1988 Mun..
1552 1959 1597 1982 Cr.
1617 1972 1647 1975 —
1673 1965 1712 1982 12.
1732 1958 1861 1981 halestris
1882 1957 1969 1986 Mun„
1990 1957 2035 1981 Cr.
2050 1969 2060 1974 -
2073 1953 2171 1980 taetis2'

331 2009 401 2026 corr.
421 2002 507 2030 Mun„
535 2002 595 2026 Cr.·.
616 2002 706 2034 partis
728 2003 758 2024 Α.
781 2015 810 2019 -
840 2009 880 2033 13.
899 2003 926 2025 et
946 2010 1013 2034 agg.
1034 2003 1121 2030 Mun„
1144 2003 1189 2026 Cr.
1209 2015 1219 2019 -
1240 2002 1393 2026 muniendo
1412 2009 1482 2026 corr.
1503 2002 1588 2031 Mun..
1611 2003 1671 2026 Cn:
1692 2001 1832 2025 iminendo
1851 2002 1884 2024 A.
1907 2013 1937 2017 —
1961 2006 2001 2031 17.
2019 2002 2045 2024 et
2071 2000 2173 2030 absque

327 2051 376 2066 non
396 2041 410 2066 ὲ
427 2044 471 2067 nei
487 2045 551 2067 testi
567 2056 577 2060 -
598 2045 739 2068 sententia
759 2045 921 2076 interempti
941 2052 988 2067 om.
1010 2044 1088 2068 Mun.
1109 2058 1140 2061 —
1163 2044 1202 2067 18.
1222 2043 1423 2076 M.cccxxxxvj]
1443 2043 1493 2068 cosi
1515 2044 1603 2072 Mra„
1626 2044 1687 2073 Cr.3
1709 2048 1773 2074 1345·
1793 2043 1828 2066 Α.
1848 2056 1879 2059 —-
1901 2049 1942 2066 21.
1965 2042 2172 2073 lienghiramus

329 2085 415 2114 Mun„
437 2085 496 2114 Cr.3
516 2086 672 2116 Hengrame
702 2086 740 2109 M.
761 2098 772 2103 —
791 2086 985 2110 relevaverunt
1010 2086 1043 2110 A.
1064 2099 1095 2103 —-
1117 2092 1157 2109 22.
1178 2084 1354 2118 acceperunt]
1375 2087 1538 2116 receperunt
1557 2086 1590 2109 Ιια
1612 2086 1666 2114 Alc,
1685 2088 1792 2117 esorse
1812 2084 1825 2107 ὲ
1844 2085 1872 2107 la
1891 2084 1991 2107 tezione
2011 2082 2170 2114 originaria

329 2141 359 2145 —
376 2133 418 2157 23.
439 2127 579 2151 relevavit
592 2127 624 2150 A.
645 2139 655 2144 -
674 2127 840 2151 Rantidois?
858 2128 906 2156 Aa,
925 2128 1096 2152 Rancidoris
1111 2128 1198 2155 Mea„
1221 2128 1281 2155 Cr.3
1300 2127 1463 2150 Rancidoni
1483 2127 1524 2151 M.
1544 2141 1576 2144 —
1599 2134 1639 2157 24.
1653 2127 1726 2150 (licto
1747 2134 1794 2150 om.
1816 2127 1903 2154 Mun„
1920 2126 1974 2154 Cr..
1989 2129 2060 2148 certo
2070 2121 2168 2155 perch}

331 2169 415 2192 hanno
439 2173 576 2193 asservato
596 2170 639 2193 clm
657 2170 682 2193 il
697 2177 762 2194 mese
774 2170 904 2194 dimano
923 2178 972 2193 non
992 2170 1005 2192 (ἶ-
1019 2171 1112 2201 prima
1132 2170 1284 2199 νιέονιίηίος
1304 2171 1335 2193 vi
1353 2168 1366 2192 2·
1385 2170 1430 2200 qm*
1441 2170 1520 2202 forse
1539 2178 1589 2193 mm
1615 2169 1733 2193 lacuna?
1752 2177 1794 2192 ma
1813 2172 1904 2199 questa
1927 2168 2002 2191 volta
2022 2168 2062 2191 M.
2080 2173 2131 2189 non
2148 2167 2175 2190 ci

333 2211 408 2234 αἰκία
428 2220 445 2235 a
464 2212 593 2235 colmarla
607 2212 706 2242 perche*⁴
726 2212 799 2235 nulla
813 2220 897 2236 narra
918 2212 966 2236 del
984 2220 1052 2235 mese
1071 2213 1100 2234 di
1117 2220 1208 2236 mar-*o
1230 2225 1257 2228 —
1278 2219 1319 2242 24.
1339 2214 1366 2234 et
1386 2212 1453 2241 dopo
1474 2211 1627 2235 manfredis
1646 2220 1713 2242 agg.
1741 2212 1826 2239 Mum,
1849 2211 1892 2235 Cr.
1914 2222 1946 2227 --
1967 2208 2008 2234 26.
2029 2209 2166 2232 Bazanum

328 2253 370 2276 A..
392 2253 452 2282 Cr.;
479 2253 619 2276 Busanum
647 2254 740 2282 M[1R.3
767 2262 808 2277 ma
828 2257 900 2278 certo
918 2255 942 2277 si
959 2258 1046 2278 ttattrc
1066 2255 1096 2276 di
1113 2254 1244 2277 Bora-lano
1264 2254 1308 2277 che>
1321 2254 1357 2286 su
1377 2257 1540 2281 consummato
1560 2255 1589 2277 ai
1608 2253 1751 2285 inansredi
1769 2253 1799 2276 uli
1813 2253 1923 2283 leeggrio
1938 2253 1981 2275 nel
1998 2254 2114 2274 trattato
2128 2256 2172 2274 con

325 2294 374 2325 gli
392 2294 501 2317 Estensi
514 2295 595 2318 citato
608 2295 636 2318 in
649 2298 709 2318 nota
723 2286 733 2312 ἶ
747 2294 904 2326 quemdam]
926 2295 976 2319 cosi
995 2295 1082 2321 MUR..
1104 2295 1163 2323 Cre,
1184 2295 1295 2326 quidam
1316 2296 1339 2318 A

415 2369 420 2384 ¹
443 2369 570 2394 Secondo
591 2371 611 2393 il
629 2372 686 2394 Chr.
705 2372 762 2395 Est.
777 2372 829 2395 lor.
845 2373 900 2402 rit.⁵
917 2372 944 2395 fu
960 2372 979 2395 il
997 2372 1062 2395 “die
1078 2373 1221 2399 me1·curii;

330 2412 342 2424 “
355 2413 446 2443 primo
466 2414 668 2443 novembris„:
690 2421 734 2437 ma
754 2414 775 2437 il
794 2421 801 2436 1
827 2422 890 2437 nov.
915 2419 977 2445 1345
1001 2414 1029 2437 fu
1044 2421 1080 2437 un
1096 2412 1222 2437 martedi.

416 2452 427 2468 ²
447 2453 589 2478 Cantone:
611 2455 756 2487 ‘parecchic
770 2455 887 2480 localita
903 2456 946 2479 dei
962 2456 1091 2480 territori
1107 2455 1136 2479 di
1151 2455 1221 2487 Reg-

325 2497 375 2526 gio
389 2503 403 2519 e
417 2495 444 2519 di
460 2495 594 2520 Placenzn
609 2498 704 2521 vicine
720 2497 876 2521 all'attualc
890 2498 1037 2521 territorio
1051 2497 1126 2521 della
1140 2505 1220 2530 prov.

326 2537 354 2560 di
376 2537 474 2561 Parma
493 2539 591 2562 hanno
611 2542 709 2570 questo
731 2547 814 2563 nome
828 2539 872 2571 (V.
886 2540 1000 2566 AMATI.
1015 2539 1099 2570 Dia).
1118 2539 1219 2563 L'Affi)

326 2579 377 2609 (St.
398 2579 428 2602 di
445 2580 556 2605 Parma.
577 2580 623 2607 IV.
644 2580 706 2611 332)
726 2581 833 2604 sembra
848 2581 972 2605 alludere
987 2581 1012 2604 al
1029 2580 1160 2605 Cantone
1176 2581 1220 2604 del

327 2627 397 2644 com.
419 2621 448 2644 di
468 2621 629 2645 sant'llario
650 2622 764 2646 d’Enza.

414 2661 424 2676 ²³
444 2662 484 2687 Fu
511 2664 582 2687 tolta
607 2672 620 2687 a
647 2664 791 2688 Giovanni
820 2665 893 2697 degli
922 2664 1065 2695 Adelardi,
1094 2664 1222 2695 famiglia

327 2706 369 2728 vui
392 2705 411 2727 il
433 2705 561 2728 dominio
581 2706 625 2728 del
645 2706 761 2729 castello
782 2706 811 2729 di
838 2706 1001 2736 Formigine
1027 2712 1072 2728 era
1093 2706 1166 2728 stato
1188 2706 1222 2728 ri-

325 2747 493 2770 conosciuto
514 2747 558 2770 nei
580 2749 649 2778 patti
671 2748 715 2771 del
739 2747 804 2778 1336
824 2748 947 2778 (Tinna,
970 2748 1040 2774 Dic..
1060 2747 1080 2776 Ι,
1101 2746 1173 2778 306).

414 2788 425 2803 ⁴
445 2788 468 2812 11
484 2790 627 2822 supplizio
643 2789 686 2813 dei
701 2790 753 2813 due
768 2789 875 2814 fratelli
889 2790 922 2813 da
943 2789 1021 2813 Lozo
1042 2789 1082 2817 fu,
1102 2790 1222 2812 secondo

327 2832 347 2855 il
370 2833 430 2855 Chr.
453 2833 518 2859 Est..
539 2838 598 2863 425,
620 2832 640 2855 il
663 2831 822 2862 mei-colodi,
846 2840 876 2863 14
896 2832 1046 2856 dicembre.

416 2872 426 2888 5
446 2874 529 2897 Della
549 2874 699 2898 ribellione
719 2875 745 2898 di
769 2874 907 2902 Gorzano,
927 2873 1043 2897 castello
1059 2873 1132 2896 nella
1147 2873 1224 2896 valle

327 2917 370 2939 del
383 2915 504 2947 Tiepido
516 2916 560 2939 nel
573 2924 690 2940 comune
702 2917 728 2939 di
741 2915 1032 2945 Marnnello(T1r:A13.,
1045 2915 1117 2943 Dia,
1127 2914 1148 2943 I,
1160 2914 1224 2945 356:

327 2961 427 2991 Appen.
442 2960 540 2983 moden.
552 2966 578 2991 p.
592 2959 662 2991 952),
676 2959 777 2982 surono
790 2960 881 2982 autori
894 2959 946 2982 due
957 2958 1039 2982 d'una
1052 2957 1182 2989 famiglia
1196 2958 1226 2981 di

1278 2372 1386 2401 signori
1407 2372 1450 2394 ‹lcl
1465 2372 1551 2401 luogo
1567 2372 1631 2395 stati
1651 2372 1713 2394 sino
1733 2370 1822 2393 allora
1838 2370 1865 2393 di
1881 2370 1960 2400 parte
1978 2367 2144 2400 ghibellina,
2159 2375 2172 2390 c

1278 2413 1356 2436 ostili
1369 2413 1424 2443 agli
1434 2413 1544 2437 Estcnsi
1559 2413 1684 2439 :Em-ico„
1697 2412 1774 2443 figlio
1787 2413 1814 2435 (li
1828 2411 2010 2435 Tommasino
2024 2418 2038 2433 e
2050 2410 2171 2439 cognato

1277 2455 1304 2478 di
1327 2454 1472 2478 Gherardo
1493 2455 1642 2485 Rangoni;
1663 2454 1846 2485 Enghcramo.
1867 2460 1923 2476 non
1947 2452 1967 2475 il
1989 2451 2103 2475 vecchio
2123 2450 2172 2474 che

1279 2496 1335 2519 fece
1346 2500 1514 2520 testamento
1530 2497 1573 2520 nel
1592 2503 1665 2528 1327,
1679 2503 1720 2519 ma
1733 2503 1768 2519 un
1784 2493 1833 2526 piu
1847 2496 1972 2526 giovine,
1987 2494 2060 2517 forse
2076 2494 2172 2524 nipote

1278 2539 1304 2561 (li
1320 2538 1423 2561 Enrico
1435 2539 1482 2568 (cf.
1496 2538 1608 2563 Tmim..
1624 2538 1695 2565 Dia,
1711 2538 1729 2565 1,
1744 2536 1814 2568 358).
1830 2537 1851 2560 11
1870 2537 1930 2561 Chr.
1944 2537 2011 2562 Est..
2026 2540 2085 2565 425.
2098 2541 2170 2566 pone

1276 2581 1304 2603 la
1323 2581 1474 2604 ribellione
1494 2581 1523 2604 di
1544 2579 1678 2604 Gorzano
1698 2579 1718 2603 il
1740 2586 1770 2610 ²7
1794 2579 1873 2606 febb.,
1895 2578 1974 2601 mail
1990 2583 2022 2608 ²3
2038 2577 2164 2600 febbraio

1277 2630 1322 2645 cra
1344 2630 1379 2645 un
1400 2620 1527 2653 giovedi.

1365 2662 1376 2678 ⁶
1396 2663 1435 2687 La
1447 2664 1598 2687 ribellione
1608 2663 1638 2687 di
1650 2662 1812 2687 Rancidoro
1824 2662 1910 2694 (sorte
1922 2670 2002 2685 rocca
2015 2662 2056 2685 fra
2069 2661 2088 2684 il
2100 2661 2169 2685 Dra-

1277 2713 1349 2735 gone
1369 2713 1382 2729 c
1406 2706 1433 2729 la
1459 2705 1604 2729 Rosscnna
1626 2705 1669 2729 nel
1690 2711 1807 2728 comune
1828 2705 1855 2727 di
1876 2704 2026 2735 PolinagO.
2049 2704 2083 2727 cs.
2101 2704 2170 2734 App.

1278 2749 1386 2777 modom,
1398 2755 1422 2779 p.
1434 2746 1498 2779 925)
1508 2747 1539 2771 fu
1553 2747 1701 2778 preceduta
1718 2747 1736 2770 il
1748 2747 1850 2777 giorno
1863 2747 1976 2769 innanzi
1990 2746 2023 2777 (il
2037 2748 2171 2769 racconto

1277 2788 1291 2812 ὲ
1311 2789 1341 2812 in
1362 2790 1411 2817 Jl..
1432 2797 1478 2821 pp.
1499 2787 1629 2821 249-250)
1648 2788 1683 2812 da
1698 2788 1790 2819 quella
1810 2788 1837 2811 di
1859 2788 2002 2811 Brantlola
2021 2794 2070 2820 per
2083 2793 2168 2819 opera

1279 2831 1322 2854 dei
1345 2831 1400 2861 figli
1423 2840 1436 2855 c
1457 2832 1548 2862 nipoti
1570 2832 1597 2855 di
1614 2830 1780 2858 Corradino,
1795 2837 1852 2854 uno
1864 2830 1907 2853 dei
1924 2830 2078 2853 turbulenti
2093 2830 2172 2852 conti

1279 2874 1307 2896 ‹li
1329 2872 1468 2896 Gombola
1483 2873 1532 2897 che
1552 2873 1761 2905 pros-:guivano
1783 2872 1826 2895 nel
1847 2871 1991 2903 Frignano
2012 2872 2037 2895 le
2057 2869 2170 2895 ostilitsi

1280 2917 1379 2938 contro
1408 2915 1448 2945 gli
1478 2915 1596 2944 Estensi,
1624 2914 1724 2938 aintati
1757 2915 1789 2937 da
1818 2913 1932 2946 Filippo
1960 2912 2094 2945 Gonzaga
2119 2913 2166 2944 (cs.

1281 2957 1392 2985 TnzAB„
1419 2958 1488 2986 Dia,
1506 2957 1527 2985 1,
1547 2963 1605 2988 349,
1627 2956 1661 2984 11,
1683 2956 1753 2988 237).

2199 808 2236 838 10

2193 1334 2234 1363 20

2197 1597 2237 1629 25

2202 2454 2235 2478 30

2201 2663 2232 2688 35

2201 2874 2235 2899 40

2291 2898 2294 2902 .
2304 2879 2318 2892 ⁴
