2370 3603
103 565 120 595 υὶ

83 827 120 857 10

85 1088 121 1119 15

86 1669 116 1686 10

82 2155 114 2171 20

79 2786 109 2811 33

76 2997 110 3022 40

103 1879 113 1886 “
147 1875 226 1899 Mun.
245 1889 277 1893 -—
299 1881 338 1906 15.
357 1877 386 1900 et
403 1876 437 1900 de
458 1876 576 1901 aliarum
602 1877 751 1901 civitatum
769 1876 816 1905 Α.;
837 1878 865 1900 et
883 1876 1001 1900 aliarum
1021 1876 1169 1899 civitatum
1189 1875 1275 1903 Mun„
1297 1876 1343 1900 Cr.
1363 1888 1374 1894 -

151 240 232 273 1AA.
255 240 443 274 ωσι-13621
768 235 1022 271 IOHANNIS
1053 236 1121 270 DE
1149 235 1366 271 BAZANO

152 309 1978 318 ........................................................................................................................................................................................................

147 355 241 386 dicta
264 355 462 397 pestilentia
486 356 689 392 decessisse;
717 362 827 388 tamen
851 357 947 388 dicta
971 357 1164 397 pestilentia
1187 357 1230 387 ad
1257 356 1429 387 civitatem
1453 356 1609 388 Mutinae
1634 367 1695 388 nec
1712 355 1889 388 Bononiae
1914 364 1979 386 nec

147 407 182 438 in
200 407 326 439 Tuscia
343 417 406 440 nec
424 408 459 439 in
477 408 551 439 aliis
567 407 678 439 multis
694 409 812 440 mundi
831 408 930 440 locis‘
947 409 982 439 in
1001 409 1096 440 dicto
1113 418 1203 440 anno
1220 409 1358 440 minime
1373 409 1601 449 pertransivit.
1651 407 1845 440 Pestilentia
1861 413 1974 438 autem

145 460 204 490 illa
223 466 296 491 erat
312 466 522 502 apostemata
537 460 695 502 pessima.
721 472 764 492 ex
780 461 902 502 quibus
923 471 1100 502 personae,
1118 467 1154 492 ut
1178 461 1370 502 plurimum,
1395 460 1506 492 subito
1523 462 1577 492 vel
1594 462 1690 503 quasi
1708 459 1946 503 demigrabant
1961 459 1980 490 ¹.

235 512 337 544 Anno
360 513 500 544 Domini
523 513 711 550 M.ccclxii‚
729 513 902 546 indicione
919 513 1175 555 decimaquinta
1192 514 1248 545 die
1264 514 1372 545 sabati
1389 514 1497 555 primo
1514 513 1660 545 ianuarii
1678 513 1834 545 dominus
1851 512 1982 545 Rodol-

146 565 200 596 fus
209 566 251 597 de
264 565 481 607 Boccapanis
493 566 536 597 de
549 565 690 597 Feraria
699 565 856 598 Potestas
867 566 1022 598 Mutinae
1035 576 1097 608 pro
1108 566 1247 598 domino
1256 566 1400 598 Nicolao
1414 565 1618 597 Mai-chione
1632 566 1757 598 estensi
1772 572 1805 598 et
1815 566 1870 598 die
1880 576 1982 606 prae-

147 617 240 650 dicto
265 618 399 659 incepit
421 618 572 661 regimen
600 628 694 649 suum
710 618 737 656 ῗς
761 624 795 650 et
819 619 874 650 die
899 618 1057 650 mercurii
1081 630 1103 649 v
1127 618 1271 650 ianuarii
1297 618 1439 650 recessit
1470 618 1629 650 dominus
1661 618 1828 650 Girardus
1852 618 1984 649 Bordo-

147 679 209 700 nus
227 670 270 702 de
287 670 461 702 Florentia
478 670 536 712 qui
561 670 626 702 fuit
642 677 792 712 potestas
808 671 966 702 Mutinae
982 671 1078 703 annis
1094 670 1200 703 tribus
1217 671 1344 713 absque
1363 670 1483 702 diebus
1499 682 1520 700 v
1534 670 1554 701 ³.
1572 671 1674 702 Dicto
1691 671 1873 702 millesimo
1891 670 1983 702 circa

147 722 248 754 finem
273 723 393 764 aprilis
416 723 573 754 dominus
597 723 764 755 Nicolaus
780 723 939 755 Marchio
956 723 1098 755 estensis
1122 723 1278 755 dominus
1303 723 1452 754 civitatis
1475 723 1630 754 Mutinae
1656 730 1688 754 et
1713 723 1874 755 Ferariae
1899 722 1985 754 fecit

144 774 246 817 ligam
270 784 309 805 ac
334 773 531 806 societatem
557 784 632 806 cum
658 775 798 806 domino
821 775 952 817 Legato
976 775 1154 806 Ecclesiae
1179 780 1312 806 rectore
1337 774 1485 806 civitatis
1507 773 1684 805 Bononiae
1702 781 1736 806 et
1753 785 1828 806 cum
1845 775 1983 807 domino

145 827 291 858 civitatis
305 827 442 858 Paduae
461 833 494 858 et
508 836 583 858 cum
603 827 751 859 dominis
769 827 859 858 della
874 828 974 859 Scala
989 832 1022 859 et
1035 837 1111 858 cum
1130 833 1200 858 tota
1216 827 1449 858 Romandiola
1466 833 1498 858 et
1515 826 1674 857 Μαι-011111
1685 827 1697 842 ⁴
1714 834 1747 858 et
1765 827 1857 867 [tunc
1871 828 1984 858 factus

144 878 210 910 fuit
232 880 402 910 exercitus
426 871 514 922 ligae
541 880 671 920 contra]
696 880 871 912 dominum
897 879 1132 911 Bernabovem
1160 879 1333 911 dominum
1366 879 1513 911 civitatis
1536 878 1739 916 Mediolani,
1764 879 1823 921 qui
1847 879 1985 911 tenebat

143 930 300 962 Castrum
323 931 516 963 Franchum
543 938 577 963 et
593 932 660 963 alia
683 933 782 973 plura
800 938 911 964 castra
934 932 969 963 in
986 932 1149 964 comitatu
1172 931 1350 963 Bononiae
1358 943 1367 967 ;
1382 931 1419 962 in
1437 942 1504 974 quo
1529 930 1707 972 [exercitu]
1724 931 1864 963 fuerunt
1887 931 1984 963 multi

144 983 275 1015 nobiles
299 984 343 1015 de
367 983 470 1015 dictis
494 984 700 1022 civitatibus,
725 985 814 1016 inter
838 995 922 1027 quos
947 990 1020 1016 erat
1044 984 1202 1016 dominus
1227 984 1409 1015 Malatesta
1432 984 1592 1027 Ungarus
1611 984 1654 1015 de
1677 983 1867 1015 Malatestis
1892 985 1985 1026 capi-

144 1042 264 1068 taneus
287 1035 385 1076 [dicti
409 1037 605 1077 exercitus]:
625 1037 712 1069 inter
729 1047 847 1069 omnes
863 1038 1002 1068 fuerunt
1026 1042 1173 1080 quatuor
1190 1037 1282 1068 milia
1298 1036 1423 1068 milites
1440 1042 1473 1068 et
1490 1037 1579 1068 ultra
1595 1037 1730 1072 armati3
1748 1036 1885 1078 pedites
1901 1047 1982 1069 vero

147 1088 204 1130 qui
221 1095 389 1121 venerunt
411 1090 454 1121 de
480 1090 618 1121 civitate
635 1089 810 1122 Bononiae
829 1095 861 1122 et
879 1091 923 1122 de
940 1090 1013 1121 aliis
1031 1089 1227 1121 civitatibus
1243 1089 1383 1121 fuerunt
1398 1089 1491 1121 circa
1506 1098 1627 1126 MCCC.;
1644 1096 1678 1121 et
1694 1089 1750 1121 die
1773 1090 1859 1121 iovis
1874 1099 1887 1121 1
1903 1090 1981 1122 maii

144 1142 350 1182 inceperunt
366 1141 418 1172 illi
434 1142 477 1172 de
493 1141 614 1173 Castro
632 1143 660 1174 F
662 1143 792 1174 rancho
810 1141 868 1182 [et]
888 1143 930 1174 de
947 1141 1155 1174 Crevacorio
1172 1142 1207 1172 in
1225 1141 1389 1173 comitatu
1402 1141 1556 1172 Mutinae
1574 1141 1779 1183 depraedari
1795 1141 1840 1173 ad
1856 1142 1986 1187 ‚Cenam

143 1199 177 1225 et
200 1194 244 1225 ad
276 1193 441 1225 Sanctum
474 1195 643 1226 Felicium
657 1194 668 1209 ⁵
700 1201 734 1226 et
765 1195 856 1231 alibi,
889 1201 922 1225 et
954 1195 1000 1226 ita
1030 1195 1170 1235 incepta
1203 1194 1268 1225 fuit
1299 1204 1423 1236 guerra
1454 1194 1542 1225 inter
1574 1194 1813 1226 Marchionem
1845 1201 1878 1226 et
1911 1194 1989 1226 illos

234 1294 257 1311 2.
271 1287 399 1319 minime]
413 1289 520 1313 minore
534 1288 579 1318 A.;
594 1296 641 1312 om.
656 1288 743 1319 Mun„
759 1289 802 1313 Cr.
820 1302 850 1306 —
865 1295 888 1319 3.
903 1289 1052 1320 plurimum
1064 1287 1109 1312 vel
1123 1289 1189 1319 quia
1201 1288 1295 1312 subito
1309 1288 1503 1320 demigrabant
1516 1289 1563 1318 A.3
1578 1288 1727 1321 plurimum
1741 1289 1821 1320 quasi
1833 1289 1928 1312 subito
1941 1288 1986 1312 de·

144 1329 304 1361 migrabant
318 1329 403 1359 Mum,
419 1330 463 1354 Cr.
476 1342 508 1347 -——
521 1329 577 1361 6-7.
590 1330 728 1355 Rizardus
741 1330 887 1354 Bordonus
900 1330 942 1360 A.y
958 1330 1012 1359 Cr.;
1027 1329 1164 1354 Girardus
1178 1329 1262 1354 Bardi
1277 1330 1353 1353 Mun.
1368 1343 1399 1347 —
1413 1335 1436 1361 7.
1451 1331 1535 1354 aunis
1548 1330 1657 1354 duobus
1670 1331 1696 1354 et
1710 1330 1805 1354 diebus
1819 1335 1832 1361 5
1847 1330 1889 1360 Α.,
1900 1329 1987 1360 Mun..

145 1371 205 1396 Cn:
218 1372 254 1404 qs.
266 1374 329 1395 nota
341 1377 358 1395 2
378 1384 410 1389 —-
425 1371 476 1402 8-9.
489 1371 558 1396 fecit
571 1372 659 1403 legam
673 1373 700 1396 et
713 1374 874 1397 societatem
888 1380 956 1396 corr.
978 1372 1064 1396 Mun..
1086 1372 1146 1402 Cr.3
1167 1371 1237 1395 fecit
1256 1372 1387 1403 legatium
1408 1379 1424 1395 a
1437 1372 1570 1396 societate
1588 1372 1621 1396 A.
1639 1385 1668 1390 —
1686 1378 1774 1396 ro-1x.
1793 1373 1822 1395 et
1841 1372 1985 1396 dominum

142 1413 222 1437 Rern.
236 1413 307 1437 dom.
321 1413 375 1437 civ.
389 1413 482 1437 Padue
496 1414 536 1438 Aa
551 1415 578 1437 ct
590 1415 689 1438 contra
704 1415 783 1438 Bern.
801 1414 873 1438 dom.
888 1414 939 1437 cir.
954 1413 1109 1437 Mediolani
1125 1413 1209 1442 Men„
1226 1414 1280 1438 Cr.:
1292 1421 1333 1436 ma
1343 1415 1432 1443 prima
1447 1414 1492 1437 del
1502 1421 1574 1438 nome
1587 1414 1617 1436 di
1631 1413 1750 1438 Bernaba
1766 1415 1796 1438 vi
1807 1412 1820 1437 ὲ
1832 1417 1988 1438 ccrcamente

141 1463 192 1479 um
210 1455 304 1479 lacuna
322 1455 535 1486 corriepomiente
549 1465 565 1478 ιι
578 1455 618 1479 cib
631 1457 675 1479 0!oe
689 1456 746 1480 dice
759 1457 783 1479 r'l
798 1456 914 1488 erffoni
929 1455 1023 1486 (Mem.
1037 1455 1078 1484 65,
1094 1455 1120 1478 11.
1137 1454 1244 1486 33-35):
1260 1457 1287 1479 et
1302 1456 1493 1480 incontinenti
1507 1457 1584 1480 dicta
1596 1456 1655 1488 liga
1670 1455 1747 1479 misit
1759 1458 1857 1487 gentes
1871 1462 1933 1479 suas
1951 1456 1986 1480 ad

145 1497 295 1521 vetantium
306 1504 340 1520 ne
350 1497 481 1521 dominus
491 1498 634 1522 Bernabos
648 1499 772 1522 mitteret
785 1498 819 1521 ad
832 1497 1004 1521 fulciendum
1015 1497 1183 1521 victualibus
1194 1499 1283 1521 castra
1296 1504 1345 1520 sua
1357 1497 1412 1521 sita
1427 1498 1455 1520 in
1469 1498 1607 1521 comitatu
1619 1498 1779 1527 Bononiaeg
1790 1498 1886 1521 lacuna
1899 1498 1943 1521 che
1955 1497 1986 1522 ho

142 1539 282 1570 integrato
300 1542 352 1569 per
373 1542 534 1570 cong-ellum
553 1547 632 1564 senza
645 1543 755 1570 prete-sa
777 1539 806 1563 di
824 1547 893 1564 aver
906 1539 1021 1570 proprio
1040 1539 1196 1563 tndovinate
1215 1540 1240 1561 le
1255 1540 1351 1568 parole
1366 1540 1494 1569 perdatcg
1520 1548 1562 1563 ma
1581 1539 1607 1563 il
1621 1540 1662 1563 lor
1680 1547 1751 1562 senso
1772 1539 1878 1563 doveva
1901 1547 1987 1564 essere

144 1583 232 1611 questo
252 1593 284 1598 -
309 1586 347 1604 11.
366 1581 395 1604 et
412 1582 461 1612 qui
481 1581 529 1611 Α.ς
548 1583 575 1605 et
594 1589 643 1606 om.
663 1581 742 1605 anche
767 1582 854 1611 Mum,
874 1582 920 1605 Cr.
940 1593 971 1598 —-
996 1586 1084 1612 12-14.
1105 1580 1233 1604 Bononie
1253 1582 1326 1604 inter
1344 1588 1414 1612 quos
1433 1582 1492 1605 erat
1506 1581 1636 1604 dominus
1656 1581 1803 1605 Malatesta
1817 1588 1940 1612 ungarus
1958 1582 1986 1606 et

145 1621 308 1653 capitaneus
327 1622 361 1646 de
380 1623 535 1648 Malatestis
555 1623 584 1647 in
603 1630 658 1655 quo
684 1622 797 1647 fuerunt
811 1623 892 1647 multi
906 1622 1015 1646 nobiles
1035 1622 1068 1646 de
1087 1621 1170 1646 dictis
1189 1622 1356 1646 civitat.bus
1369 1623 1443 1646 inter
1455 1629 1550 1646 omnes
1563 1623 1606 1652 Α,
1628 1623 1673 1647 Cr.
1692 1621 1747 1655 (che
1761 1621 1830 1652 pcrb
1849 1623 1984 1647 introduce

147 1662 287 1688 d'accordo
306 1665 350 1688 col
366 1664 442 1688 MUR.
469 1665 594 1689 exercitu
606 1665 663 1697 fra
682 1666 712 1689 in
731 1672 787 1697 quo
807 1673 820 1687 c
837 1664 980 1695 fuerunt);
1003 1664 1139 1688 Bononio
1177 1663 1266 1687 Huius
1285 1664 1359 1694 ligae
1373 1664 1506 1688 dominus
1521 1663 1667 1689 Malatesta
1681 1664 1714 1688 de
1728 1663 1885 1688 malatestis
1903 1665 1981 1689 Hun-

145 1711 227 1737 garus
238 1704 296 1730 fult
309 1706 483 1738 capitaneus.
518 1705 551 1730 In
564 1714 619 1738 quo
639 1708 758 1731 esercitu
777 1706 893 1731 fuerunt
913 1705 995 1730 multi
1011 1706 1117 1729 nobiles
1131 1706 1164 1729 de
1178 1705 1263 1729 dictis
1281 1706 1461 1736 civitatibus3
1480 1707 1555 1730 inter
1574 1713 1671 1730 omnes
1685 1706 1763 1730 Mna.
1795 1707 1843 1730 Mi
1851 1710 1923 1737 pare
1936 1706 1985 1737 pif'c

143 1747 262 1778 semplice
275 1748 303 1771 la
315 1748 366 1771 mla
380 1755 452 1771 emen
458 1748 565 1773 {acione
580 1746 679 1779 percle&
690 1748 768 1772 credo
782 1749 825 1772 che
837 1749 862 1772 il
872 1750 957 1772 tratto
976 1747 1092 1771 relativo
1112 1756 1128 1770 a
1148 1747 1297 1770 Malatesta
1309 1747 1385 1780 fosse
1398 1749 1636 1778 orig-lnam‘amente
1649 1749 1743 1772 scritto
1758 1749 1788 1772 al
1799 1749 1923 1780 margine
1940 1756 1985 1772 con

140 1791 270 1815 ‘rx'cltiamo
288 1791 332 1815 che
344 1792 370 1815 il
377 1792 480 1822 copista
493 1799 544 1816 non
556 1793 654 1820 intese;
668 1793 734 1817 onde
746 1792 854 1817 all’atto
868 1792 941 1816 della
959 1791 1136 1816 trascrittone
1154 1791 1178 1814 lo
1200 1790 1278 1815 inser>
1296 1792 1372 1820 fuori
1388 1792 1434 1815 del
1449 1800 1493 1816 suo
1512 1792 1604 1822 luogo.-
1623 1791 1724 1816 l'inter
1743 1799 1813 1824 quos
1831 1799 1881 1816 non
1898 1793 1925 1816 ει·
1940 1801 1983 1816 sa-

142 1832 237 1864 prebbe
249 1841 266 1857 a
279 1833 324 1857 clle
341 1833 466 1866 ruferirlo
478 1841 506 1858 se
517 1841 569 1858 non
585 1834 740 1866 precedesse
752 1842 788 1858 am
800 1834 910 1858 termine
927 1834 958 1857 dt
968 1833 1145 1865 nferimento,
1166 1833 1244 1863 quale
1263 1831 1276 1856 ὲ
1293 1837 1408 1865 appar-to
1426 1834 1451 1857 il
1467 1834 1547 1858 multi
1560 1833 1668 1858 nobiles
1683 1847 1715 1851 -
1732 1840 1770 1865 14.
1790 1833 1884 1866 milia]
1903 1833 1983 1858 mille

1392 1876 1468 1900 circa
1486 1883 1535 1899 om.
1560 1875 1646 1905 Mun„
1668 1876 1712 1900 Cr.
1735 1889 1764 1892 —-
1788 1875 1827 1900 16.
1847 1875 1890 1900 illi
1912 1883 1982 1912 cerr.

145 1915 227 1947 Mun„
249 1917 311 1948 Cr.;
330 1917 366 1941 ad
385 1917 447 1942 illos
465 1918 498 1941 A.
519 1931 529 1935 -
548 1919 576 1942 et
595 1926 663 1950 agg.
683 1917 769 1947 Mum,
793 1919 842 1943 Cr.

227 2029 234 2044 ¹
254 2030 295 2054 Fu
307 2031 335 2054 la
348 2029 407 2055 cosi
421 2032 498 2055 detta
515 2033 526 2044 ‘¹
540 2032 697 2063 pestilenza
712 2031 942 2069 dqll'anguinaia
953 2049 966 2061 „
982 2031 1032 2054 che

144 2071 197 2094 “in
218 2071 327 2095 Milano
346 2073 416 2096 mise
442 2073 463 2096 il
489 2080 584 2105 capo„
614 2072 662 2103 (Μ.
690 2073 827 2103 Vni-Am,
850 2074 902 2103 Cr„
924 2072 957 2102 X,
978 2070 1033 2104 46).

227 2111 239 2128 2
257 2112 372 2142 Quanto
390 2116 485 2147 tempo
506 2116 589 2139 abbia
615 2116 716 2140 durato
743 2116 769 2139 la
798 2115 958 2147 podesteria
985 2115 1032 2138 del

141 2154 331 2188 Boccainpani
351 2163 409 2180 non
429 2156 533 2180 dicono
549 2157 588 2188 gli
605 2159 656 2181 atti
674 2157 810 2190 pubeei,
826 2158 870 2180 nei
886 2157 963 2188 quali
980 2163 1032 2188 pur

141 2196 196 2228 egli
216 2195 230 2221 ὲ
249 2199 399 2222 nominato
419 2206 515 2230 spesso
540 2198 641 2229 (Mem,
669 2206 693 2223 a.
723 2198 798 2230 1362,
816 2199 837 2228 Ι,
858 2206 905 2223 nn.
929 2205 949 2223 1.
973 2197 1031 2230 196.

142 2237 192 2269 436
209 2245 224 2262 e
241 2238 275 2266 Π,
297 2247 322 2263 n.
342 2246 410 2272 329:
432 2241 444 2252 ‘¹
457 2241 564 2264 nobilis
586 2241 667 2265 miles
687 2241 832 2264 Rodulfus
845 2241 879 2264 de
892 2241 1031 2265 Bochain·

144 2280 249 2311 “panis
260 2299 272 2311 „
295 2288 312 2304 o
335 2281 392 2305 “de
412 2281 646 2314 Bochinpanibus
668 2283 700 2306 de
726 2283 839 2306 Feraria
852 2283 886 2312 Π).
925 2283 971 2306 Ma
991 2283 1029 2314 gli

142 2323 221 2346 stessi
241 2323 295 2347 atti
309 2325 333 2347 ci
348 2324 444 2348 danno
463 2322 509 2356 gia
524 2325 549 2348 nl
567 2331 598 2348 22
613 2327 712 2356 agosto
729 2325 751 2348 il
767 2332 848 2349 nome
863 2325 890 2348 di
905 2332 944 2349 un
957 2325 1030 2348 vice-

100 2366 110 2371 ”
141 2362 266 2395 Ροάεεῒὶι,
279 2365 371 2389 Bondi
385 2365 430 2389 dei
445 2364 609 2390 Costantini
625 2367 653 2390 di
670 2366 783 2397 Rovigo
798 2367 899 2397 (Mem,
916 2374 939 2390 a.
958 2366 1030 2398 1362.

141 2405 174 2436 Π,
190 2413 238 2430 1111.
251 2405 374 2440 613-615,
388 2406 455 2431 628:
472 2408 485 2420 “
496 2408 621 2440 sapienti
641 2410 667 2432 et
682 2408 806 2432 discreto
820 2409 883 2432 viro
897 2408 922 2432 d.
937 2408 1030 2432 Bondi

143 2446 199 2471 “de
219 2446 398 2472 Costantinis
413 2449 446 2473 de
465 2449 591 2481 Rodigio
612 2450 762 2473 licentiato
778 2451 807 2473 in
823 2451 882 2473 iure
895 2450 978 2473 civili
992 2449 1031 2473 lo-

142 2488 154 2500 “
166 2491 340 2514 cumtenente
353 2492 381 2514 et
396 2491 470 2515 vices
484 2491 510 2515 d.
525 2491 677 2522 potestatis
691 2491 802 2515 Mutine
814 2494 928 2523 gerente
938 2498 990 2523 pro
1005 2491 1030 2515 d.

143 2530 155 2542 *¹
166 2530 330 2555 Marchione
340 2532 380 2564 „);
397 2533 471 2557 forse
485 2533 601 2557 essendo
615 2533 764 2565 seoppiata
777 2533 805 2557 la
819 2536 895 2565 peste
908 2534 938 2557 in
951 2531 1029 2560 cittiz,

141 2572 185 2596 nel
204 2573 320 2605 giugno,
343 2581 399 2598 non
414 2574 445 2598 su
458 2575 595 2607 possibile
609 2575 759 2598 mandarvi
772 2582 810 2598 un
824 2575 941 2600 titolare
956 2576 1030 2599 della

139 2613 298 2645 podesteria
317 2623 331 2639 e
350 2615 372 2639 il
393 2617 534 2640 marchese
554 2623 587 2640 ne
607 2615 706 2647 delego
725 2616 750 2640 le
771 2617 903 2641 sunzioni
927 2618 953 2641 al
974 2618 1028 2641 Co-

139 2656 267 2683 stantini.
287 2657 336 2680 che
353 2657 384 2680 su
398 2658 447 2690 poi
459 2658 573 2690 giudice
587 2658 617 2681 in
631 2657 751 2681 Modena
766 2659 852 2682 anche
867 2658 944 2689 negli
959 2659 1028 2683 anni

143 2696 206 2729 1363
226 2705 240 2721 e
261 2697 334 2730 1369.
372 2697 417 2723 Cf.
437 2699 549 2727 mei,
569 2703 608 2731 op.
627 2700 679 2725 cit..
700 2699 734 2730 11,
755 2707 843 2732 41-43.

225 2736 239 2753 ³
255 2739 319 2763 Non
345 2739 359 2764 ὲ
386 2741 469 2764 facile
494 2742 621 2765 stabilire
649 2748 701 2765 con
723 2744 861 2766 esattezza
882 2743 908 2766 la
930 2744 1027 2767 durata

140 2779 212 2804 della
232 2781 388 2812 podesteria
407 2783 451 2806 del
465 2783 604 2807 Bordoni:
621 2790 647 2806 se
661 2783 715 2814 egli
737 2791 783 2807 era
801 2786 913 2808 entrato
928 2785 954 2808 al
973 2793 1027 2809 ces-

140 2829 198 2846 sare
217 2822 261 2846 del
282 2830 331 2847 suo
350 2824 541 2855 predecessore
561 2824 699 2849 Rizzardo
723 2824 902 2854 Cancellieri,
923 2825 983 2851 cio'c
1004 2828 1025 2851 il

143 2869 169 2886 12
197 2865 318 2895 germaio
344 2872 416 2898 1359,
444 2874 457 2890 e
481 2865 558 2890 cesso
585 2866 791 2891 naturalmente
810 2869 899 2898 prima
926 2869 1026 2892 all’in—

137 2913 232 2936 gresso
251 2906 294 2930 del
314 2907 522 2940 Bocchimpani.
543 2907 613 2932 duro
635 2910 663 2932 in
685 2909 776 2933 ufficio
797 2911 874 2941 quasi
890 2912 931 2934 tre
950 2913 1025 2940 anni,

137 2946 197 2972 cioe
216 2948 267 2972 due
289 2951 353 2973 anni
376 2950 470 2973 intieri
492 2958 504 2974 e
525 2958 562 2974 un
578 2951 650 2975 altro
671 2958 752 2975 meno
773 2952 889 2982 qualche
908 2954 1024 2984 giorno:

138 2997 217 3013 meno
237 2992 336 3021 cinque
363 2992 481 3015 secondo
507 2992 664 3023 l'apografo
692 2993 766 3017 della
793 3000 922 3024 cronaca,
943 3001 1025 3019 meno

269 3104 301 3129 T.
319 3104 379 3134 XV,
397 3112 423 3139 p.
442 3112 474 3130 xv
494 3118 527 3124 —-
548 3113 588 3131 12.

1088 2031 1181 2054 dodici
1203 2032 1323 2054 secondo
1353 2031 1372 2054 11
1400 2031 1507 2055 calcolo
1535 2031 1622 2059 fatto;
1643 2039 1686 2054 ma
1707 2031 1727 2054 il
1747 2033 1820 2055 testo
1841 2031 1906 2056 avra
1932 2039 1979 2055 su·

1088 2069 1149 2095 bito
1170 2079 1206 2095 un
1227 2069 1276 2103 piii
1302 2072 1444 2103 prosondo
1470 2074 1578 2103 guasto,
1606 2072 1630 2095 al
1657 2071 1738 2103 quale
1763 2072 1799 2096 ho
1819 2074 1928 2097 cercato
1949 2073 1976 2097 di

1089 2115 1210 2144 riparare
1230 2121 1282 2137 con
1303 2114 1329 2138 la
1350 2114 1459 2138 lenione
1476 2115 1645 2145 integrativa
1660 2115 1796 2138 adottata.
1834 2113 1867 2138 Se
1887 2115 1909 2139 il
1923 2122 1979 2140 cro-

1089 2157 1162 2179 mista
1182 2163 1248 2187 pose
1268 2156 1343 2180 annis
1363 2157 1459 2180 duobus
1477 2164 1491 2179 e
1511 2154 1619 2180 calcolo
1640 2157 1753 2187 persino
1775 2158 1782 2179 i
1804 2158 1908 2187 gion-ni,
1929 2158 1977 2182 do-

1088 2205 1156 2221 veva
1177 2200 1253 2222 certo
1275 2198 1318 2222 far
1338 2199 1445 2229 seguire
1471 2198 1558 2221 anche
1581 2198 1600 2221 il
1629 2206 1744 2222 numero
1765 2199 1808 2222 dei
1833 2200 1909 2227 mesi,
1930 2200 1979 2224 che

1088 2247 1169 2263 senza
1190 2240 1294 2264 dubbio
1317 2241 1418 2263 surono
1447 2247 1501 2263 non
1531 2247 1611 2263 meno
1638 2240 1664 2263 di
1693 2241 1803 2269 undici5
1823 2249 1837 2264 e
1858 2248 1885 2264 se
1904 2242 1978 2266 disse

1087 2283 1143 2306 dies
1162 2283 1269 2306 doveva
1297 2290 1361 2306 aver
1389 2283 1515 2306 indicato
1543 2282 1628 2305 anche
1651 2283 1671 2305 il
1692 2290 1806 2306 numero
1828 2283 1855 2306 di
1879 2290 1911 2315 19
1932 2291 1978 2307 ne-

1087 2325 1206 2348 cessario
1227 2332 1240 2347 a
1262 2326 1446 2356 raggiungere
1468 2324 1487 2346 il
1508 2325 1627 2347 termine
1655 2324 1727 2347 della
1754 2325 1910 2355 pedesteria
1933 2325 1976 2350 del

1086 2367 1219 2391 Bordoni.
1235 2373 1264 2398 31
1285 2367 1423 2390 dicembre
1440 2365 1513 2397 1361,
1546 2366 1586 2390 La
1600 2367 1665 2390 data
1679 2366 1722 2389 del
1738 2371 1751 2396 5
1767 2369 1888 2398 gennaio
1912 2367 1976 2399 1362

1085 2407 1099 2433 ‘e
1119 2409 1211 2440 quella
1232 2409 1305 2432 della
1329 2412 1463 2440 partenza
1490 2409 1533 2432 del
1563 2408 1687 2433 Bordoni
1714 2409 1748 2432 da
1769 2409 1897 2434 Modena.
1919 2418 1975 2434 non

1086 2452 1159 2475 della
1179 2459 1228 2475 sua
1248 2452 1404 2476 cessazione
1424 2450 1595 2475 dall'ufficio.

1172 2491 1182 2508 *¹
1202 2492 1308 2520 Questa
1320 2493 1382 2524 lega
1403 2493 1433 2517 fu
1447 2494 1606 2517 convenuta
1627 2493 1648 2516 il
1671 2492 1702 2516 16
1711 2493 1802 2524 aprile
1822 2494 1868 2525 (cs.
1888 2494 1974 2521 Men„

1085 2536 1146 2558 Ant.
1173 2539 1227 2565 ext„
1254 2534 1301 2559 IL·
1318 2534 1365 2566 138
1391 2543 1405 2558 e
1432 2535 1534 2562 VERGi.
1563 2534 1601 2558 St.
1628 2535 1700 2559 della
1728 2536 1824 2560 Alma-a
1857 2537 1973 2567 Tri-apa,

1085 2578 1157 2604 XIV,
1179 2576 1231 2608 28).

1171 2618 1181 2633 5
1201 2620 1229 2643 Si
1242 2624 1357 2643 arvei-ta
1368 2620 1416 2643 che
1428 2621 1450 2642 si
1463 2621 1559 2644 tratta.
1572 2626 1629 2643 non
1640 2619 1683 2643 del
1695 2620 1846 2644 notissimo
1857 2620 1913 2645 San
1926 2621 1973 2645 Fe-

1084 2662 1137 2685 lice
1148 2662 1190 2685 sul
1204 2661 1323 2684 Panaro.
1336 2668 1378 2685 ma
1392 2662 1420 2684 di
1435 2661 1490 2684 San
1506 2661 1598 2686 Felice
1613 2661 1687 2685 della
1698 2662 1793 2685 Muzza
1805 2664 1847 2685 tra
1861 2662 1975 2687 Nonan-

1083 2703 1143 2727 tola
1157 2711 1171 2727 e
1190 2702 1361 2733 Sant’Agata
1381 2702 1532 2734 bolognese
1552 2703 1600 2733 (cf.
1620 2704 1729 2734 TmAB„
1751 2704 1822 2734 Dia,
1844 2704 1876 2730 ΙΙ,
1900 2706 1971 2734 111)·.

1083 2747 1189 2776 quanto
1210 2752 1223 2767 a
1245 2744 1328 2769 Zena,
1342 2744 1484 2775 piuttosto
1499 2744 1548 2767 che
1562 2745 1591 2768 lo
1606 2744 1682 2768 scale
1697 2746 1842 2769 omonimo
1858 2745 1905 2776 (cf.
1922 2746 1969 2775 ivi,

1083 2785 1101 2814 Ι,
1123 2785 1185 2816 340)
1206 2783 1266 2809 sara
1287 2785 1306 2808 il
1336 2785 1482 2808 territorio
1509 2784 1554 2808 del
1579 2785 1706 2816 priorato
1727 2785 1755 2808 di
1775 2785 1831 2809 San
1852 2786 1972 2810 Michele

2007 2215 2038 2240 45

2004 2422 2038 2448 50

2002 2636 2032 2659 55

1083 2828 1110 2851 di
1132 2828 1214 2853 Zena„
1229 2827 1368 2850 d'incerta
1384 2827 1548 2856 situazione‚
1563 2833 1607 2850 ma
1621 2829 1699 2858 quasi
1714 2828 1883 2852 eertamente
1898 2828 1971 2852 nelle
1998 2838 2032 2862 50

1083 2870 1231 2893 vicinanze
1251 2868 1281 2892 di
1300 2867 1356 2892 San
1377 2867 1493 2892 Cesario
1514 2867 1561 2899 (cs.
1581 2869 1663 2897 ivi.1,
1682 2876 1731 2900 342
1753 2877 1766 2892 c
1785 2868 1968 2898 OVERMANN.

1082 2918 1137 2942 reg,
1159 2919 1183 2934 n.
1208 2909 1275 2942 129).
1313 2910 1323 2933 I
1343 2911 1486 2943 predatori
1508 2917 1593 2934 erano
1610 2910 1789 2939 [mammen
1803 2911 1853 2936 che
1866 2912 1902 2936 da
1916 2911 1967 2936 Ca·

1081 2953 1234 2977 stelfranco
1254 2959 1375 2976 sai-anno
1397 2951 1493 2976 andati
1513 2952 1568 2975 alla
1589 2952 1663 2976 Zena
1683 2959 1696 2976 e
1716 2953 1751 2976 da
1771 2951 1939 2978 Crevalcore
1954 2962 1968 2979 a

1082 2995 1137 3019 San
1158 2994 1250 3018 Felice
1270 2993 1344 3017 della
1364 2993 1469 3017 Muzza.

2052 423 2072 436 r.
2092 422 2129 436 zor
2140 418 2150 434 ὂ
