2370 3603
67 1391 107 1420 20

90 1665 102 1688 3
137 1659 181 1688 A.;
203 1659 296 1683 Form.
315 1660 432 1684 sabbato
451 1659 496 1683 die
515 1665 598 1683 11....

79 1939 108 1956 10

79 2150 108 2174 ¹5

137 223 187 255 [Α.
210 223 302 256 1³6³]

757 215 1006 252 IOHANNIS
1038 216 1106 252 DE
1134 217 1352 253 BAZANO

1897 215 1963 253 179

223 338 325 368 Anno
349 337 536 379 M.ccclxiij
554 337 726 369 indicione
743 338 852 379 prima
869 339 924 369 die
943 339 1118 370 dominico
1136 339 1205 380 viiij
1225 338 1343 379 aprilis
1359 338 1515 370 dominus
1532 339 1708 371 Bernabos
1724 339 1767 369 de
1784 338 1968 370 Vescontis

136 389 228 420 venit
259 388 426 421 Solariam
458 399 562 421 causa
592 389 767 421 muniendi
800 390 943 422 bastiam
976 390 1129 422 Solariae
1154 400 1231 421 cum
1256 397 1326 421 toto
1350 400 1409 421 suo
1434 400 1548 431 posse:
1573 397 1606 422 et
1640 391 1752 422 statim
1790 390 1967 422 redeundo

137 441 376 473 Crevacorium
400 443 469 473 fuit
490 442 675 474 sconfictus
698 452 760 483 per
781 449 901 485 gentes
917 443 1049 474 domini
1072 443 1283 474 Marchionis
1300 443 1442 474 estensis
1458 450 1491 475 et
1514 444 1602 486 ligae
1620 454 1700 475 suae
1726 443 1885 475 Veronae
1910 442 1968 483 [et]

137 493 346 531 Paduae;***
360 495 368 510 ¹
396 496 485 526 inter
501 504 586 537 quos
610 495 749 525 fuerunt
774 495 902 536 captivi
926 496 979 526 isti
1002 505 1145 537 quorum
1171 495 1306 527 nomina
1329 495 1415 526 haec
1439 502 1533 526 sunt:
1560 496 1717 527 dominus
1740 495 1970 536 A[m]brosius

136 546 225 578 filius
247 547 377 579 domini
408 545 627 584 Bemabovis‚
660 547 820 578 dominus
843 547 1004 579 Gibertus
1028 547 1070 578 de
1097 546 1248 589 Corigia,
1272 547 1394 579 Petrus
1418 547 1488 579 eius
1511 547 1608 585 filius,
1634 548 1790 580 dominus
1813 547 1969 579 Andreas

95 600 111 628 5
137 599 180 630 de
204 599 352 640 Pepolis,
377 600 534 631 dominus
558 599 722 630 Nicolaus
745 598 969 637 Palavisinus,
995 600 1150 631 dominus
1175 599 1335 631 Gibertus
1359 600 1402 631 de
1426 599 1504 637 Piis,
1530 601 1686 632 dominus
1713 601 1900 633 Gulielmus
1924 600 1968 632 de

135 651 406 689 Cavalcabobus‚
431 652 586 683 dominus
609 652 787 684 Bertrame
812 653 855 684 de
879 651 1012 684 Rubeis
1028 653 1071 684 de
1088 652 1221 689 Parma,
1239 652 1397 683 dominus
1413 652 1583 684 Iohannes
1599 651 1789 696 Poneonus,
1814 653 1969 684 dominus

136 703 251 736 Guido
269 705 312 736 de
335 704 490 741 Foliano,
516 704 673 736 dominus
698 704 895 736 Ludovicus
919 704 961 735 de
981 705 1114 742 Rocha,
1140 705 1295 736 dominus
1320 705 1489 736 Iohannes
1513 705 1556 736 de
1579 705 1786 742 Mirandum,
1810 705 1967 737 dominus

134 756 328 788 Sinibaldus
346 757 390 788 de
407 756 587 794 Ordelafis‚
605 756 803 798 [Antonius]
820 757 908 789 filius
926 758 1055 789 domini
1074 757 1208 789 Giberti
1227 757 1270 788 de
1289 756 1515 789 Sanctovitali
1534 758 1576 789 de
1593 757 1726 789 Parma.
1759 758 1967 800 Capitaneus

132 815 246 840 autem
262 809 480 851 supradictae
497 809 682 841 sconfictae
702 809 765 840 fuit
781 810 937 841 dominus
962 809 1135 842 Feltrinus
1160 810 1202 842 de
1220 809 1384 851 Gonzaga
1397 808 1428 840 ².'
1474 810 1605 841 Eodem
1622 811 1802 842 millesimo
1819 811 1876 843 die
1900 822 1966 842 xxv

69 863 108 892 10
131 862 246 904 aprilis
270 862 429 894 dominus
453 861 644 894 Anichinus
668 862 863 905 Menigardi
888 869 922 894 et
938 861 1134 905 Paganinus
1152 863 1194 894 de
1218 862 1348 893 Panico
1365 863 1536 903 capitanei
1552 864 1662 905 gentis
1687 863 1817 895 domini
1840 863 1967 894 Berna-

133 913 230 946 bovis
253 915 296 946 de
321 915 504 946 Vescontis
526 921 694 946 venerunt
717 915 761 946 ad
785 914 1017 958 Formiginem
1035 914 1094 955 [et]
1119 915 1176 946 die
1200 914 1309 946 sabati
1334 914 1356 957 ij
1383 915 1585 956 septembris
1608 915 1807 947 refecerunt
1839 915 1968 947 dictum

136 974 282 998 castrum
299 967 504 1010 Formiginis
516 965 544 1004 3;
562 974 595 998 et
612 967 666 999 die
684 967 844 999 mercurii
861 967 977 998 ultimo
995 967 1073 998 maii
1099 968 1218 998 eodem
1242 967 1422 998 millesimo
1445 967 1603 998 Marchio
1627 968 1768 999 estensis
1792 978 1868 999 cum
1900 968 1968 1011 liga

135 1030 195 1050 sua
217 1019 410 1051 habuerunt
433 1019 577 1051 bastiam
602 1020 644 1051 de
671 1020 801 1052 Solaria
825 1026 857 1050 et
880 1026 961 1051 tunc
987 1020 1020 1049 in
1045 1019 1182 1051 civitate
1205 1019 1361 1050 Mutinae
1387 1019 1471 1050 facti
1497 1021 1635 1051 fuerunt
1658 1015 1771 1063 magni
1796 1020 1877 1052 falb.
1925 1020 1968 1051 Et

135 1072 228 1103 dicto
252 1079 404 1114 tempore
430 1079 463 1103 et
485 1072 665 1104 millesimo
691 1072 748 1104 die
772 1073 904 1104 veneris
928 1071 950 1114 ij
975 1072 1059 1103 iunii
1092 1081 1248 1103 reversus
1272 1079 1321 1103 est
1345 1073 1514 1103 exercitus
1538 1072 1668 1104 domini
1691 1073 1899 1105 Bernabovis
1924 1074 1966 1105 de

73 1125 108 1155 15
132 1124 314 1156 Vescontis
337 1125 382 1156 ad
406 1125 520 1156 villam
538 1125 581 1156 de
599 1125 694 1169 ‚Cesis
709 1125 718 1140 ⁴
737 1131 771 1156 et
787 1125 925 1156 fuerunt
948 1124 994 1155 ibi
1020 1124 1153 1156 duobus
1176 1124 1349 1156 mensibus
1373 1131 1406 1156 et
1432 1131 1510 1156 octo
1535 1125 1654 1157 diebus
1679 1132 1713 1157 et
1736 1126 1896 1158 fecerunt
1921 1126 1967 1157 ibi

132 1188 232 1209 unam
251 1178 406 1210 bastiam.
423 1178 467 1209 Et
480 1184 561 1209 tunc
580 1178 736 1210 dominus
750 1177 921 1210 Galassius
938 1178 1114 1209 revellavit
1127 1177 1277 1219 Carpum
1295 1178 1434 1209 domino
1447 1177 1651 1209 Marchioni.
1668 1178 1771 1210 Dicto
1788 1178 1965 1210 millesimo

131 1230 186 1262 die
210 1230 318 1262 sabati
342 1231 410 1262 duo
434 1230 637 1272 septembris
661 1230 871 1262 exclamacio
895 1236 1035 1272 treguae
1068 1231 1163 1261 facta
1187 1230 1254 1262 fuit
1276 1230 1311 1260 in
1337 1230 1476 1261 civitate
1502 1230 1657 1262 Mutinae
1681 1231 1769 1262 inter
1792 1231 1967 1262 dominum

128 1283 345 1314 Andruinum
369 1282 612 1324 [Cardinalem]
636 1282 827 1326 Legatum⁵
852 1289 884 1314 et
917 1289 1144 1325 congregatos
1170 1293 1249 1314 suos
1273 1292 1315 1314 ex
1337 1293 1405 1314 una
1429 1289 1526 1324 parte
1551 1283 1610 1324 [et]
1635 1284 1808 1315 dominum
1841 1283 1969 1315 Bema-

129 1336 250 1368 bovem
283 1337 326 1368 de
349 1337 534 1368 Vescontis
558 1336 611 1376 [ex
635 1336 742 1368 altera
770 1335 879 1377 parte]
912 1345 974 1377 pro
1000 1335 1133 1367 duobus
1158 1336 1330 1367 mensibus
1355 1342 1388 1368 et
1413 1342 1491 1368 octo
1516 1336 1636 1367 diebus
1660 1337 1780 1378 [usque
1805 1337 1849 1368 ad
1875 1337 1966 1368 diem

131 1391 163 1431 x]
189 1388 392 1422 novembris.

222 1494 244 1511 1.
262 1487 346 1512 Dicto
372 1495 448 1512 anno
467 1491 494 1511 et
518 1488 661 1512 indicione
681 1488 722 1516 A„
744 1488 802 1517 Cr.;
824 1488 908 1511 Anno
930 1486 1125 1511 MCCCthn
1145 1487 1223 1511 dicta
1241 1487 1399 1511 indictione
1421 1487 1497 1511 Mna.
1521 1501 1551 1503 —
1574 1493 1596 1517 3.
1617 1489 1644 1512 et
1663 1488 1729 1518 dopo
1752 1488 1879 1512 Veronae
1898 1496 1966 1520 agg.

131 1530 217 1558 Mun„
238 1529 292 1559 Cn,
319 1543 351 1546 -
371 1537 395 1560 4.
414 1536 534 1561 quorum
563 1529 646 1559 ripae
673 1529 696 1551 A
717 1529 796 1553 anche
821 1529 887 1560 dopo
918 1530 1030 1552 nomina
1051 1542 1057 1545 -

1078 1529 1245 1552 Ambrosius
1270 1528 1358 1559 Mun„
1391 1530 1435 1554 Cr.
1458 1543 1488 1545 —
1510 1538 1533 1561 5.
1556 1529 1729 1553 Pelavisinus
1754 1529 1842 1559 Mun„
1870 1530 1914 1554 Cr.
1936 1543 1966 1547 —

129 1570 154 1594 6.
174 1570 389 1595 Cavalcantibus
412 1571 455 1600 A,
475 1569 560 1595 Μαι..
583 1572 626 1594 Cr.
649 1584 659 1588 -
680 1571 830 1594 Ponzonus
849 1578 919 1594 corr.
941 1570 1027 1601 MUR„
1049 1571 1110 1599 (ἵης
1134 1570 1279 1595 Ponzanus
1299 1571 1331 1593 A.
1352 1583 1383 1587 —
1404 1571 1428 1594 8.
1449 1572 1593 1595 Antonius
1621 1579 1688 1603 agg.
1711 1571 1765 1594 mia
1788 1585 1818 1588 —
1843 1578 1883 1595 10.
1905 1572 1964 1595 An-

135 1615 230 1639 tonius
256 1615 410 1647 Marigardi
434 1614 475 1644 A..
496 1616 558 1643 Cn:
579 1615 722 1638 Antonius
742 1614 923 1646 Maghinardi
942 1613 1018 1638 Mun.
1039 1626 1049 1632 -
1068 1615 1184 1638 Panicio
1205 1614 1236 1637 Α.
1260 1628 1289 1631 -
1319 1621 1358 1639 11.
1385 1614 1476 1639 Form.
1503 1615 1594 1639 sabati
1617 1614 1662 1639 die
1681 1615 1703 1647 {j
1723 1615 1889 1646 septembris
1915 1615 1966 1639 ret.

618 1659 669 1683 ref.
690 1659 782 1689 Mum
802 1659 894 1682 Form.
913 1659 1031 1683 sabbato
1053 1659 1096 1683 die
1110 1665 1124 1681 2
1138 1658 1304 1691 septembris
1316 1658 1367 1682 ref.
1383 1659 1428 1683 Cr.
1446 1672 1476 1675 —-
1492 1664 1533 1689 ις.
1552 1659 1648 1683 Zexiis
1661 1659 1703 1688 A„
1717 1659 1804 1689 Μυκη
1819 1660 1865 1684 Cr.
1881 1672 1912 1677 -
1930 1659 1969 1683 18.

137 1702 330 1735 Andruinum]
352 1703 575 1728 Arevandrinum
594 1703 639 1727 A.:
668 1702 910 1727 Aldobrandlnum
939 1702 1028 1733 MUR„
1049 1703 1094 1727 Cr.
1113 1715 1124 1721 -
1144 1702 1323 1727 Cardinalem
1346 1711 1413 1735 agg.
1434 1704 1487 1727 mia
1508 1716 1517 1720 —
1535 1703 1714 1735 congregatis
1745 1710 1841 1727 senum
1860 1710 1892 1727 ex
1920 1703 1968 1732 A.;

137 1747 300 1780 conlegatos
318 1754 410 1772 aecum
431 1755 463 1771 ex
483 1748 569 1776 Mun„
591 1748 636 1772 Cr.
656 1760 666 1764 -

136 1798 220 1823 usque
238 1790 273 1815 ad
291 1791 364 1816 diem
383 1799 401 1815 x
421 1800 487 1824 agg.
507 1792 561 1816 mia

223 1892 231 1908 ¹
251 1893 320 1917 Pare
339 1896 415 1918 certo
436 1895 485 1918 che
504 1895 553 1926 qui
573 1894 640 1918 cada
661 1902 716 1919 una
736 1895 846 1926 piccola
861 1885 976 1921 lacuna,
997 1894 1022 1917 la

137 1935 226 1965 quale,
246 1937 353 1967 quanto
379 1935 405 1959 al
429 1943 518 1962 senso.
545 1938 617 1960 resta
644 1937 784 1968 integrata
804 1935 850 1959 dal
871 1936 1023 1959 confronto

137 1978 182 2002 col
198 1978 258 2002 Chr.
271 1979 338 2007 Est..
350 1977 414 2009 486:
431 1980 442 1991 ‘⁴
455 1979 582 2003 conflicti
602 1978 715 2003 suerunt
728 1985 825 2002 omnes
845 1979 878 2002 de
897 1979 1022 2002 exercitu

140 2018 153 2030 ‘⁴
163 2018 273 2042 domini
295 2019 467 2044 Bernabovis
477 2036 484 2044 .
495 2036 502 2044 .
514 2037 520 2044 .
531 2036 538 2043 .
565 2027 578 2043 a
605 2019 736 2051 gentibus
755 2018 918 2051 colligatis:
930 2035 937 2043 .
948 2037 954 2042 .
965 2035 972 2043 .
997 2022 1024 2042 et

140 2060 235 2092 “capti
257 2060 371 2085 suerunt
389 2061 565 2094 infrascripti
578 2078 602 2091 „.
639 2061 682 2085 Lo
703 2064 790 2085 stesso
817 2062 878 2086 Chr.
907 2063 962 2086 Est.
990 2060 1025 2085 dis

137 2103 237 2126 tredici
258 2103 337 2127 nomi
357 2102 384 2126 di
405 2103 585 2136 prigionieri.

224 2143 235 2160 ‘³
253 2144 307 2169 Era
333 2146 482 2169 succeduto
509 2145 535 2169 al
561 2145 708 2170 Malatesta
736 2146 780 2169 nel
807 2145 944 2169 comando
967 2145 1023 2169 clel-

137 2186 275 2211 l’esercito
295 2187 370 2211 della
391 2188 461 2219 lega.

222 2228 234 2243 ³
253 2228 281 2253 Si
302 2231 419 2254 avverta
438 2230 486 2253 che
506 2232 605 2261 questo
631 2230 704 2253 fatto
731 2231 759 2253 di
780 2229 954 2260 Formigine.
973 2230 1022 2253 che

137 2270 158 2293 il
177 2272 250 2294 testo
269 2270 344 2294 della
363 2278 482 2295 cronaca
502 2278 574 2302 pone
599 2271 626 2294 al
642 2277 654 2294 2
677 2271 833 2299 settembre,
851 2269 866 2294 ὲ
885 2270 1027 2294 collocato

136 2314 179 2335 tra
198 2312 250 2336 due
270 2314 463 2337 avvenimenti
489 2312 648 2345 dell'aprile
673 2321 686 2336 e
707 2313 750 2336 del
777 2313 904 2344 maggio:
931 2312 955 2335 si
976 2313 1025 2336 che

77 2361 88 2369 e
135 2360 152 2377 o
172 2354 193 2377 il
215 2354 302 2378 brano
320 2353 335 2378 ὲ
354 2356 483 2386 spostato
503 2362 521 2379 o
539 2356 567 2378 vi
588 2353 603 2379 ὸ
622 2362 715 2378 errore
731 2354 807 2378 nella
829 2354 903 2378 data.

222 2395 232 2411 ¹
252 2387 272 2420 12]
293 2396 420 2421 l’attuale
438 2391 579 2429 Bastiglia
599 2404 615 2421 a
636 2398 762 2421 nord-est
781 2398 810 2421 di
832 2397 965 2421 Modena:
986 2396 1026 2420 lo-

135 2435 220 2461 calita
241 2438 316 2462 detta
337 2439 466 2463 nell’alto
486 2439 634 2463 medioevo
655 2440 679 2463 le
694 2438 899 2469 Cese(T1RAB.‚
914 2440 985 2468 Die.7
1007 2439 1027 2468 1,

685 1748 713 1770 et
732 1747 830 1771 avanti
847 1755 864 1771 a
883 1747 1029 1770 dominum
1051 1755 1120 1778 agg.
1140 1747 1226 1777 Mem,
1250 1748 1293 1771 Cr.
1310 1761 1339 1764 —
1359 1754 1397 1777 19.
1410 1754 1442 1771 ex
1461 1747 1546 1771 altera
1568 1749 1647 1777 parte
1665 1755 1731 1779 agg.
1752 1748 1804 1771 mia
1824 1761 1854 1765 —
1877 1753 1967 1777 19-20.

1078 1892 1154 1923 201):
1173 1901 1187 1917 e
1207 1894 1256 1926 poi
1276 1895 1462 1918 ribattezzato
1482 1901 1530 1926 per
1550 1894 1577 1918 la
1597 1894 1688 1918 bastia
1707 1894 1826 1918 erettavi
1845 1895 1880 1918 da
1901 1894 1964 1917 Ber-

1078 1933 1152 1959 nabo
1171 1935 1312 1961 visconti.
1333 1942 1349 1958 ο
1370 1935 1473 1967 meglio
1493 1936 1527 1959 da
1548 1936 1588 1959 lui
1611 1935 1764 1959 riedifieata
1778 1935 1850 1959 sulle
1868 1934 1967 1958 rovine

1078 1977 1106 2001 di
1127 1985 1182 2001 una
1202 1975 1251 2008 piu
1270 1978 1366 2001 antica
1388 1976 1525 2008 (ΑΖΑΜΟ,
1547 1979 1576 2001 in
1592 1978 1656 2001 RR.
1679 1978 1717 2001 II.
1733 1977 1791 2005 SS..
1806 1977 1878 2006 XVI,
1893 1976 1965 2008 332),
1996 1983 2008 2001 ε

1078 2020 1127 2043 che
1146 2017 1193 2051 gia
1214 2020 1241 2042 vi
1262 2027 1308 2043 era
1328 2022 1402 2043 stata
1423 2027 1438 2043 a
1458 2019 1548 2043 difesa
1568 2019 1611 2043 del
1632 2019 1778 2051 Naviglio.

1167 2060 1178 2075 5
1198 2061 1379 2085 Richiamato
1399 2061 1567 2085 l'Albornoz
1587 2061 1643 2085 alla
1657 2061 1744 2085 Corte
1757 2062 1785 2085 di
1806 2061 1968 2092 Avignone,

1077 2110 1123 2127 era
1144 2105 1248 2127 venuto
1269 2103 1362 2134 legato
1388 2102 1461 2126 della
1488 2102 1590 2126 Chiesa
1616 2105 1644 2126 in
1664 2102 1749 2127 Italia
1777 2110 1791 2126 e
1810 2104 1919 2127 vicario
1939 2102 1968 2126 di

1079 2145 1216 2176 Bologna,
1236 2144 1389 2169 Androino
1408 2145 1442 2168 de
1461 2145 1488 2168 la
1507 2145 1610 2171 Roche,
1636 2145 1686 2168 che
1700 2145 1746 2168 dal
1766 2152 1838 2176 papa
1859 2144 1926 2168 ebbe
1946 2143 1969 2167 il

1080 2193 1111 2218 23
1133 2187 1282 2210 novembre
1302 2186 1452 2210 l‘lnearico
1467 2187 1496 2210 di
1510 2188 1627 2210 trattare
1640 2194 1654 2210 e
1668 2186 1834 2210 concludere
1847 2186 1875 2210 la
1890 2193 1968 2218 pace.

1080 2229 1125 2252 Ma
1145 2229 1170 2252 le
1190 2230 1338 2252 trattative
1358 2230 1386 2251 in
1407 2230 1556 2260 proposito
1577 2236 1662 2252 erano
1683 2231 1754 2253 state
1775 2229 1890 2252 iniziate
1909 2228 1968 2252 dal-

1080 2270 1255 2300 l‘Albornoz,
1275 2271 1324 2294 che
1343 2278 1431 2294 aveva
1450 2273 1578 2294 ottenuta
1601 2278 1655 2294 una
1676 2272 1773 2303 tregua
1793 2270 1910 2294 bandita
1937 2271 1966 2293 in

1080 2314 1207 2344 Bologna
1223 2314 1242 2336 il
1258 2320 1272 2344 3
1288 2313 1435 2336 settembre
1450 2312 1603 2343 (VANcmn
1616 2316 1654 2344 op>
1668 2314 1721 2341 cie„
1733 2320 1758 2345 p.
1774 2314 1828 2345 77).
1847 2312 1888 2336 La
1903 2319 1970 2345 pace

1083 2356 1111 2379 su
1132 2357 1179 2387 poi
1195 2356 1328 2379 conclusa
1343 2355 1497 2379 solamente
1509 2355 1530 2379 il
1544 2363 1558 2387 3
1574 2363 1668 2379 marzo
1682 2355 1747 2386 1364
1763 2355 1917 2385 (VAneuss,
1930 2357 1970 2385 op.

1081 2397 1132 2423 cit..
1147 2404 1174 2429 p.
1189 2395 1244 2427 82);
1265 2403 1309 2420 ma
1330 2397 1349 2420 il
1372 2400 1469 2420 nostro
1488 2398 1615 2420 cronista
1636 2403 1692 2421 non
1715 2395 1780 2428 pote
1798 2397 1970 2427 registr-arla.

1083 2438 1182 2470 perch'e
1202 2447 1246 2462 era
1266 2437 1313 2470 gia
1334 2441 1437 2462 morto.

1997 2193 2030 2218 ³0

1999 2404 2030 2429 35
