2370 3603
59 812 96 842 10

58 1074 95 1104 15

55 1338 95 1367 20

64 1993 94 2010 10

64 2204 92 2229 15

63 2415 96 2431 20

64 2833 98 2857 30

125 228 175 261 [A.
197 227 287 259 1³46!
726 217 984 253 IOHANNIS
1012 218 1081 252 DE
1110 215 1330 252 BAZANO

127 288 1944 302 .........................................................................................................................................................................................................

123 353 203 373 num
225 341 462 373 Marchionem
486 347 519 372 et
542 340 622 371 inde
647 339 690 370 ab
715 339 795 370 hinc
819 339 995 370 redierunt
1018 338 1185 370 Mutinam
1211 337 1268 378 [et]
1295 337 1339 369 ad
1370 342 1482 368 castra
1504 347 1565 367 sua
1578 336 1598 368 ¹.
1645 336 1744 367 Tunc
1769 335 1824 368 die
1847 335 1957 367 sabati

124 394 159 425 in
182 394 270 425 festo
294 394 402 425 sancti
424 393 547 435 Lacari
570 392 681 434 primo
705 391 843 433 aprilis²
868 392 932 423 fuit
956 391 1124 432 quaedam
1149 391 1222 422 rixa
1239 390 1273 420 in
1289 389 1409 420 maiori
1432 389 1581 421 ecclesia
1604 388 1759 420 Mutinae
1777 388 1864 419 inter
1888 388 1957 418 fra-

123 453 192 478 tres
216 447 369 477 volentes
391 445 557 477 violenter
579 444 628 476 ibi
650 444 854 485 praedicare
880 455 921 475 ex
944 455 1012 475 una
1042 449 1139 485 parte
1164 449 1198 474 et
1220 442 1406 474 familiares
1430 441 1487 482 [et]
1513 442 1696 473 canonicos
1721 441 1850 472 domini
1875 440 1958 482 Epi-

122 498 218 538 scopi
243 509 285 529 ex
309 498 415 529 altera
440 498 594 529 nolentes
618 496 711 538 quod
736 496 820 527 dicti
844 497 967 527 fratres
990 496 1039 527 ibi
1064 505 1158 526 more
1184 495 1284 525 solito
1308 493 1572 535 praedicarent‚'
1597 499 1631 525 et
1654 503 1756 525 causa
1780 494 1845 524 fuit
1873 493 1954 535 quia

122 549 206 581 dicti
218 550 342 581 fratres
355 549 561 590 sepelierunt
576 548 753 580 dominum
766 548 1006 580 Marchionem
1020 547 1209 579 usurarium
1222 545 1233 562 ³
1250 547 1295 578 ad
1308 546 1490 578 ecclesiam
1506 556 1599 577 suam
1616 552 1768 587 tempore
1785 545 1959 577 interdicti

122 612 184 643 per
199 603 390 644 pecuniam.
438 603 539 633 Dicto
563 600 740 632 millesimo
767 601 809 632 de
834 611 949 632 mense
974 601 1058 632 iunii
1075 600 1154 631 Rex
1170 599 1346 641 Ungariae
1363 598 1423 630 ivit
1440 599 1485 630 ad
1503 599 1674 630 civitatem
1691 598 1826 642 Gadi-ae
1844 609 1922 629 cum
1939 598 1960 629 l.

123 653 259 685 milibus
282 654 433 696 equitum
457 654 491 685 in
514 653 677 684 auxilium
702 653 942 696 (jai-atinorum
965 653 1136 684 manendo
1159 651 1206 683 ibi
1232 661 1308 683 cum
1330 662 1385 682 xx.
1410 650 1546 682 milibus
1569 650 1762 682 hominibus
1780 652 1823 682 de
1846 651 1960 692 parvis

121 706 228 749 lancis
251 707 444 748 gentilibus,
469 717 511 737 ex
527 706 651 747 quibus
668 706 731 736 tria
747 705 843 736 milia
861 711 956 737 erant
974 705 1111 745 [vestiti]
1129 704 1172 735 de
1188 704 1334 736 scarleto
1351 703 1475 735 fulcito
1493 704 1536 735 de
1553 703 1701 744 pellibus
1724 713 1882 735 varorum
1901 703 1959 743 [et]

121 753 271 790 cum⁴xx.
289 759 423 790 milibus
447 759 589 790 carretis
607 758 649 789 ab
667 759 763 800 equis
781 758 891 799 [quae]
908 757 1087 799 praedicto
1105 757 1270 788 exercitui
1287 756 1484 788 necessaria
1500 756 1757 788 conducebant:
1783 766 1883 798 quam
1909 756 1958 787 ci-

120 811 259 843 vitatem
277 811 411 855 (jadrae
429 811 552 843 Veneti
572 810 775 842 obsidebant
792 817 825 842 et
842 810 1046 842 obsederant
1063 821 1124 851 per
1146 820 1250 840 unum
1274 819 1400 840 annum
1426 815 1458 840 et
1481 809 1569 840 ultra
1592 819 1669 840 cum
1693 808 1819 851 galeris
1843 818 1959 840 eorum

119 869 153 894 et
175 863 313 906 navigio
338 869 467 894 armato
493 863 526 893 in
550 863 646 900 mari,
678 868 712 894 et
735 863 770 893 in
794 862 902 893 bastia
926 872 1050 903 magna
1074 861 1238 892 tenebant
1261 861 1347 892 dicti
1372 861 1459 891 intra
1484 861 1603 892 decem
1627 860 1719 891 milia
1742 861 1893 902 equitum
1926 866 1960 891 et

118 916 252 957 pedites
276 916 433 947 infinitos.
458 916 503 946 Et
527 915 582 946 die
599 916 709 956 primo
726 915 800 945 iulii
818 915 853 945 in
870 925 993 945 aurora
1009 914 1080 945 diei
1096 914 1175 945 Rex
1190 913 1365 955 Ungariae
1381 913 1579 954 praedictus
1601 923 1718 954 passus
1735 913 1801 945 fuit
1818 913 1963 945 conflic-

119 975 189 999 tum
213 978 290 999 cum
313 974 416 1010 gente
441 978 501 999 sua
525 979 545 998 a
567 967 727 1010 gentibus
751 967 963 998 Venetorum
988 968 1046 1008 qui
1072 965 1278 997 obsidebant
1302 966 1428 997 dictam
1461 966 1631 997 civitatem
1657 966 1802 1010 Cadrae,
1826 966 1860 996 in
1885 975 1953 1006 quo

119 1020 281 1052 conflictu
304 1022 526 1052 decesserunt
551 1021 594 1052 de
618 1020 770 1062 Ungaris
793 1020 850 1061 qui
874 1026 970 1050 erant
994 1019 1164 1061 sagittarii
1187 1019 1277 1050 ultra
1300 1019 1343 1060 vj.
1368 1019 1462 1049 milia
1486 1024 1519 1050 et
1544 1029 1585 1049 ex
1608 1019 1674 1050 hoc
1691 1019 1829 1049 fuerunt
1852 1018 1955 1049 vesti-

120 1073 146 1105 ti
169 1073 285 1104 nuncii
309 1073 518 1105 Venetorum
542 1073 576 1103 in
600 1073 738 1104 civitate
763 1073 919 1104 Ferariae
943 1083 963 1103 a
987 1072 1124 1102 domino
1149 1071 1350 1102 Marchione
1368 1071 1441 1102 die'
1468 1082 1489 1101 x
1508 1071 1580 1102 iulii
1595 1071 1621 1102 ⁴:
1648 1077 1797 1102 mortuus
1821 1071 1886 1102 fuit
1909 1070 1955 1102 ibi

121 1126 277 1157 dominus
294 1126 454 1157 Andreas
470 1126 566 1169 §Zeno
584 1125 626 1156 de
643 1125 800 1156 Venetiis
825 1134 867 1156 ex
890 1131 986 1165 parte
1011 1123 1222 1155 Venetorum
1247 1130 1280 1154 et
1303 1123 1443 1164 quidam
1468 1124 1510 1154 de
1534 1124 1693 1156 Boiardis
1718 1124 1762 1155 de
1786 1123 1900 1165 Regio
1924 1130 1958 1155 et

119 1178 176 1209 alii
192 1179 293 1219 pauci
310 1183 469 1219 respectu
488 1178 721 1219 Ungarorum;
741 1184 773 1208 et
789 1177 908 1218 paucis
926 1176 1046 1208 diebus
1070 1182 1190 1217 postea
1214 1176 1339 1216 elapsis
1363 1176 1445 1207 dicti
1465 1176 1595 1218 Ungari
1613 1176 1886 1217 vituperabiliter
1909 1187 1961 1208 re-

120 1230 319 1262 cesserunt.'
367 1230 497 1262 Eodem
514 1230 691 1261 millesimo
710 1230 752 1261 de
771 1240 885 1261 mense
911 1228 1112 1270 septembris
1125 1228 1136 1243 ⁵
1152 1229 1307 1259 dominus
1324 1228 1433 1270 Obico
1451 1228 1608 1260 Marchio
1633 1229 1775 1260 estensis
1800 1229 1957 1260 dominus

119 1283 265 1314 civitatis
287 1283 460 1320 Ferariae‚
485 1283 640 1314 Mutinae
665 1282 724 1322 [et]
750 1282 903 1319 Parmae,
928 1282 1078 1313 sociatus
1102 1291 1178 1312 cum
1195 1281 1334 1312 domino
1352 1281 1488 1312 Ostasio
1507 1282 1549 1312 de
1574 1281 1719 1312 l'olenta
1742 1281 1883 1312 domino
1909 1282 1958 1312 ci-

120 1336 234 1367 vitatis
256 1336 422 1367 Ravenae
447 1342 481 1367 et
505 1335 657 1367 Cesenae
684 1341 717 1366 et
741 1345 817 1366 cum
841 1334 909 1365 alia
941 1333 1131 1364 honorabili
1163 1334 1322 1368 comitiva
1353 1334 1417 1365 ivit
1447 1334 1681 1365 Mediolanum
1714 1334 1757 1364 ad
1783 1335 1956 1365 dominum

120 1388 312 1420 Luchinum
337 1388 452 1428 [causa
477 1387 647 1420 tractandi
671 1397 791 1428 pacem
816 1387 916 1427 inter]
942 1387 1100 1417 dominos
1123 1387 1167 1417 de
1191 1386 1355 1428 Goncaga
1373 1386 1526 1417 dominos
1543 1387 1720 1417 civitatum
1739 1386 1902 1417 Mantuae
1927 1393 1959 1418 et

121 1441 225 1484 Regii
243 1451 320 1472 cum
338 1451 454 1472 eorum
481 1441 549 1482 liga
573 1451 613 1471 ex
637 1450 704 1471 una
728 1446 823 1481 parte
849 1446 881 1471 et
906 1439 1034 1471 dictum
1061 1439 1234 1470 dominum
1258 1438 1493 1471 Marchionem
1517 1446 1551 1471 et
1575 1440 1751 1470 dominum
1776 1440 1961 1470 Mastinum

214 1570 233 1587 1.
253 1565 281 1587 et
301 1564 396 1587 avanti
406 1563 441 1586 ad
455 1571 524 1593 agg.
538 1566 627 1586 nostra
641 1575 672 1579 —
691 1568 741 1585 1-2.
756 1562 801 1585 die
814 1562 905 1585 sabati
919 1560 1017 1584 sabato
1029 1562 1118 1584 sancti
1131 1560 1194 1584 Laz.
1207 1560 1247 1589 A„
1262 1561 1306 1584 Cr.
1317 1569 1323 1589 ;
1334 1560 1377 1584 dit:
1391 1561 1488 1585 sabato
1502 1562 1592 1585 sancti
1607 1562 1670 1586 Laz.
1684 1562 1762 1586 Mun.
1778 1575 1809 1578 —
1822 1568 1847 1593 3.
1858 1561 1963 1585 violen-

122 1606 177 1639 ter]
192 1608 343 1631 violenti-es
355 1608 399 1636 A.;
419 1615 466 1631 om.
482 1607 570 1635 Mum,
584 1608 627 1630 Cr.
640 1619 650 1624 -
661 1608 689 1630 ct·
699 1607 797 1630 avanti
805 1605 958 1629 canonicos
969 1612 1018 1628 non
1030 1603 1042 1627 ἒ
1052 1606 1080 1628 in
1090 1604 1134 1633 A„
1148 1603 1235 1634 Mun„
1251 1606 1296 1629 Cr.
1312 1618 1343 1622 -—-
1357 1611 1382 1635 5.
1398 1605 1601 1638 Marehionem]
1617 1606 1790 1631 Matthaeum
1809 1605 1961 1637 Bergonzi-

121 1659 186 1675 num
200 1651 278 1676 Μυκ,
296 1665 329 1669 -
342 1651 367 1674 6.
383 1651 484 1682 Jadrae
504 1651 595 1679 Mum
615 1650 723 1676 Cadrae
737 1651 783 1674 Cr.
797 1651 841 1681 qui
855 1657 868 1671 e
880 1652 982 1680 sempre
995 1662 1027 1666 —
1043 1655 1067 1680 7.
1077 1648 1287 1678 Jadratinorum
1302 1649 1379 1673 Mun.
1394 1662 1426 1666 -—
1442 1650 1466 1673 8.
1481 1650 1583 1674 lanceis
1597 1650 1684 1679 Mun„
1700 1650 1746 1674 Cr.
1759 1663 1770 1668 -
1783 1650 1878 1674 vestiti
1893 1658 1962 1681 τιμάν.

126 1696 203 1719 Mun.
217 1708 228 1712 -
241 1695 337 1727 fulgiti
357 1695 390 1719 de
410 1695 527 1725 pedibus
547 1696 675 1719 vatorum
696 1694 744 1723 Λ.;
763 1695 791 1717 la
811 1701 880 1718 corr.
901 1691 914 1715 ὲ
933 1692 979 1716 del
995 1693 1073 1716 MUR.
1096 1692 1196 1723 seguit‘o
1215 1692 1250 1715 da
1271 1694 1316 1718 Cr.
1336 1707 1346 1711 -
1366 1695 1393 1717 et
1412 1702 1459 1717 non
1474 1693 1487 1717 ἲν
1500 1695 1544 1718 nei
1553 1695 1659 1718 testi—
1673 1702 1698 1726 9.
1712 1701 1780 1726 quae
1793 1702 1860 1725 agg.
1874 1694 1962 1723 Mun„

125 1740 170 1764 Cr.
185 1752 196 1757 -
210 1740 366 1763 necessarIa
385 1746 455 1763 corr.
476 1739 562 1768 Mun„
585 1740 646 1769 Cr.3
665 1739 755 1762 nizzia
774 1738 817 1766 A„
837 1750 868 1755 —
893 1744 932 1762 10.
951 1736 1055 1768 galaeis
1070 1737 1155 1765 Mun.⁷
1172 1737 1217 1760 Cr.
1232 1750 1264 1754 ——
1284 1744 1322 1761 ιι.
1336 1739 1407 1761 etin
1426 1738 1530 1770 bastia]
1543 1740 1571 1762 et
1584 1746 1600 1762 a
1613 1738 1705 1762 bastia
1725 1739 1773 1767 A.;
1793 1739 1819 1761 et
1837 1738 1958 1762 bastiam

122 1783 209 1812 Mun„
231 1783 277 1808 Cr.
296 1796 306 1800 -
325 1784 353 1807 et
372 1783 440 1806 dicti
461 1784 535 1807 intra
557 1783 617 1811 Cr.;
637 1784 665 1806 et
686 1783 761 1806 intra
791 1782 868 1806 Mun.
898 1794 931 1798 —
963 1787 1002 1812 ¹4·
1027 1780 1079 1803 hoc
1101 1787 1170 1804 corr.
1190 1781 1277 1805 Mun..
1305 1782 1367 1812 Cr.;
1392 1782 1436 1806 hie
1457 1783 1489 1806 A.
1511 1796 1541 1800 —-
1566 1790 1603 1813 ¹5·
1624 1783 1788 1807 Senatorum
1809 1782 1851 1810 A„
1872 1781 1958 1810 Mun„

125 1827 181 1853 Cr..
201 1839 234 1844 -—
259 1827 297 1851 18.
317 1827 484 1859 septembris
509 1834 580 1851 corr.
600 1826 687 1855 Mun„
709 1827 769 1851 Cr.:
797 1825 950 1849 decembris
973 1824 1005 1847 Α.
1026 1837 1057 1841 —
1082 1830 1121 1854 19.
1141 1826 1168 1848 et
1196 1833 1265 1855 agg.
1291 1826 1377 1855 Mum,
1399 1826 1444 1850 Cr.
1466 1839 1475 1843 -
1496 1826 1622 1857 Ostasiol
1643 1826 1692 1850 cos}
1712 1826 1807 1850 Mum:
1826 1825 1959 1850 Ostensio

123 1870 221 1900 A.‚Cr.
241 1883 273 1887 —
295 1876 338 1894 zo.
356 1870 493 1894 comitiva
512 1878 582 1895 corr.
602 1870 693 1899 Mun.;
713 1870 862 1893 comitatus
881 1869 923 1897 A„
945 1868 991 1892 Cr.
1013 1881 1043 1884 —
1058 1874 1099 1891 21,
1119 1867 1276 1892 Luchinum
1296 1870 1324 1892 et
1343 1868 1474 1894 dominos
1493 1871 1543 1899 Aa,
1563 1870 1649 1900 Mun„
1670 1877 1684 1894 e
1707 1871 1751 1894 Cr.
1774 1870 1920 1900 riempiono
1935 1870 1961 1892 la

123 1915 218 1938 lacuna
236 1921 299 1938 con.-
318 1915 365 1945 qui
384 1915 520 1938 tractavit
540 1921 635 1946 pacem
655 1915 729 1938 inter

208 1988 216 2003 ¹
237 1987 343 2016 Questa
368 1991 458 2014 uscita
481 1991 525 2014 dei
552 1989 695 2014 Manfredl
720 1997 734 2013 e
760 1989 802 2012 dei
829 1988 947 2012 Roberti
973 1988 1007 2011 da

121 2029 229 2062 Reggio
249 2038 306 2054 non
327 2031 441 2055 sarebbe
460 2033 533 2056 stata
553 2033 717 2063 spontanea,
732 2038 776 2054 ma
791 2031 828 2060 fu,
844 2030 965 2054 secondo
988 2029 1007 2052 il

124 2072 184 2095 Chr.
209 2081 277 2104 regn,
300 2074 329 2096 in
356 2073 417 2097 RR.
440 2075 478 2097 ll.
506 2074 564 2101 ss,
590 2073 690 2098 XVIII.
711 2072 753 2104 63,
773 2080 828 2096 una
848 2072 1009 2103 espulsione

124 2114 192 2138 {atta
217 2115 252 2138 da
272 2114 388 2147 Filippo
414 2114 556 2147 Gonzaga,
577 2123 624 2146 per
645 2118 755 2139 sentore
775 2114 874 2145 ch‘egli
894 2115 960 2137 ebbe
980 2114 1008 2136 di

122 2162 176 2180 una
199 2156 260 2180 loro
280 2158 417 2188 congiura
436 2165 452 2181 a
472 2165 521 2181 suo
541 2158 651 2181 danno:
671 2165 684 2180 e
705 2158 713 2180 i
734 2156 842 2180 castelli
864 2156 935 2179 dove
955 2156 1008 2179 essi

122 2199 144 2221 si
167 2199 320 2222 ritirarono
341 2199 444 2223 fui-ono
464 2198 518 2223 San
540 2199 664 2223 Mai-tino
688 2200 717 2222 in
743 2198 798 2222 Rio
823 2199 866 2222 dei
894 2197 1009 2221 Roberti

123 2248 136 2263 e
147 2239 271 2264 Borzano
283 2240 405 2272 (Tuus.
419 2242 491 2269 Dia,
503 2241 522 2267 Ι,
535 2247 575 2273 79,
587 2241 619 2271 Π,
634 2239 686 2272 25).
701 2240 723 2263 Il
735 2241 902 2264 Tiraboschi
917 2238 1010 2271 (illem.

122 2285 195 2309 stor.‚
209 2282 255 2309 ΙΙΙ,
272 2281 370 2313 16-17),
383 2284 487 2306 scrive:
501 2283 513 2295 ‘¹
525 2282 575 2306 Per
590 2281 634 2306 cio
647 2284 668 2305 si
681 2283 844 2314 appartiene
855 2282 881 2305 al
893 2283 1010 2305 trattato

126 2324 138 2335 ‘⁴'
149 2323 184 2347 da
197 2324 251 2347 essi
264 2324 334 2348 fatto
345 2324 389 2348 col
403 2324 542 2348 marchese
556 2324 670 2353 Obizzo,
683 2324 710 2347 di
727 2324 773 2347 eui
787 2325 809 2347 si
824 2324 859 2347 ha
874 2331 911 2346 un
923 2331 1011 2346 venno

126 2364 225 2388 “nella
245 2364 374 2389 Cronaca
393 2366 438 2389 del
453 2365 587 2391 Bazzano,
602 2373 663 2389 esso
677 2367 768 2389 tuttor
787 2366 811 2389 si
831 2372 966 2389 conserva
983 2366 1010 2387 in

126 2406 139 2418 “
150 2408 246 2437 questo
261 2409 369 2438 segreto
381 2408 510 2432 archivio
521 2410 635 2437 estense,
651 2408 683 2431 ed
697 2405 711 2430 ὸ
725 2408 841 2437 segnato
857 2408 885 2430 in
897 2406 1012 2430 Ferrara

127 2448 139 2461 “
151 2447 174 2472 a'
186 2447 218 2471 28
228 2448 256 2472 di
269 2449 357 2480 aprile
370 2449 398 2473 di
409 2449 573 2480 quest‘anno
592 2448 666 2481 1346.
677 2457 690 2472 e
702 2450 729 2472 vi
743 2450 764 2472 si
776 2451 877 2472 trovam
890 2450 1011 2479 presenti

127 2490 140 2502 “
151 2488 302 2514 Gabriotto
317 2490 351 2515 da
365 2490 498 2519 Canossa,
513 2491 625 2515 Sassolo
641 2491 675 2514 da
688 2490 810 2516 Sass010‚
825 2490 908 2521 Luigi
924 2491 968 2513 del
985 2491 1013 2513 fu

127 2531 139 2544 ‘⁴
151 2531 332 2556 Manfredino
351 2533 385 2557 da
399 2532 542 2557 Ganaceto
558 2541 571 2556 c
585 2532 714 2556 AntonIO
728 2531 842 2556 Padella
857 2533 1013 2556 modenese.

127 2572 140 2586 ‘¹
151 2573 183 2596 In
197 2580 256 2597 esso
272 2573 293 2596 il
307 2574 444 2598 cavaliere
458 2573 576 2597 Niccolo
591 2575 634 2598 de’
648 2574 771 2601 Roberti,
786 2581 801 2597 a
816 2581 897 2597 nome
911 2581 1014 2598 ancora

128 2614 140 2627 ¹⁴
151 2615 195 2638 del
215 2615 337 2639 cavalier
349 2616 468 2649 Bertone
482 2616 523 2640 de'
537 2615 652 2640 Roberti
673 2617 707 2639 da
722 2614 833 2647 Tripoli
849 2624 862 2639 e
877 2617 903 2639 di
920 2614 1014 2640 Guido

128 2658 141 2670 “
152 2658 179 2680 di
195 2658 234 2680 lui
248 2657 334 2688 figlio,
350 2665 363 2681 e
377 2657 523 2681 Bertolino
537 2659 758 2689 soprannomato
772 2656 862 2681 Rosso
876 2657 920 2681 de’
936 2657 1014 2681 Man-

127 2699 231 2729 “fi-edi,
252 2706 267 2722 a
293 2706 374 2722 nome
399 2706 503 2723 ancora
526 2701 554 2723 di
576 2698 741 2730 Guiduccio,
764 2699 791 2723 di
812 2698 930 2723 Niccolo
952 2708 964 2723 c
986 2700 1013 2722 di

129 2740 141 2752 “
153 2740 301 2764 Bonifac'io
321 2741 425 2764 fratelli
447 2749 461 2765 e
480 2741 538 2772 figli
554 2741 598 2765 del
614 2742 642 2765 fu
656 2741 781 2771 Ugolino
802 2741 879 2764 detto
895 2740 1014 2764 Cherico

128 2782 197 2806 “de'
212 2782 364 2813 Manfredi,
385 2791 399 2807 e
419 2784 447 2807 di
468 2783 649 2807 Tommasino
670 2783 747 2814 figlio
768 2783 811 2806 del
833 2783 862 2806 fu
882 2783 958 2806 Azzo
973 2783 1014 2806 de·

128 2823 141 2835 ‘¹
152 2822 301 2853 Mansredi,
329 2826 507 2855 promettono
534 2832 548 2848 a
567 2824 699 2856 Iacopino
727 2823 862 2854 Rangone
886 2830 1013 2854 procura-

129 2865 213 2888 “tore
231 2865 275 2887 del
296 2865 434 2889 marchese
454 2866 556 2889 Obizzo
578 2866 627 2889 che
646 2866 685 2895 gli
714 2872 834 2888 saranno
854 2865 1012 2888 ubbitlienti

127 2907 165 2929 “e
185 2906 277 2932 fedeli,
298 2907 346 2930 che
367 2909 375 2931 ἰ
396 2908 527 2939 coliegati
549 2916 562 2930 e
582 2908 620 2938 gli
643 2909 725 2930 amici
747 2907 791 2930 del
812 2907 950 2930 marchese
974 2915 1014 2930 sa-

129 2949 140 2961 ¹'‘
153 2956 241 2972 ranno
255 2949 341 2972 anche
356 2951 437 2973 amici
452 2958 466 2972 e
480 2950 611 2982 collegati
628 2950 697 2978 lore,
714 2950 762 2973 che
777 2951 959 2974 riceveranno
974 2950 1014 2981 gli

1065 1991 1076 2000 ‘¹
1090 1989 1197 2013 uomini
1219 1989 1263 2012 del
1283 1990 1422 2013 marchese
1441 1998 1455 2013 e
1474 1998 1525 2013 con
1548 1992 1615 2013 armi
1636 1998 1650 2013 e
1677 1990 1822 2014 senz’armi
1851 1989 1892 2013 ney
1912 1989 1956 2011 lor

1065 2031 1198 2054 “castelli
1219 2031 1248 2054 di
1268 2032 1322 2055 San
1343 2032 1468 2055 Martino
1483 2040 1496 2055 e
1510 2033 1537 2055 di
1560 2032 1684 2056 Borzano
1705 2039 1718 2055 e
1738 2032 1787 2055 che
1808 2031 1956 2062 impieghe-

1066 2072 1077 2083 ‘¹
1091 2079 1180 2096 ranno
1200 2072 1304 2104 l'opera
1318 2080 1332 2096 e
1347 2073 1371 2096 le
1386 2073 1463 2103 sorzss
1478 2073 1539 2096 loro
1553 2072 1652 2104 perche
1667 2073 1686 2096 il
1702 2073 1840 2097 marchese
1852 2074 1958 2104 giunga

1067 2114 1078 2124 “
1092 2115 1125 2137 ad
1140 2121 1212 2138 esser
1232 2116 1328 2145 signos
1348 2115 1376 2138 di
1396 2115 1504 2145 chgio
1518 2133 1539 2145 „.

1153 2154 1163 2169 ²
1184 2155 1349 2180 veramente
1370 2156 1396 2180 la
1417 2157 1486 2180 festa
1507 2158 1533 2180 di
1556 2165 1604 2180 san
1626 2157 1744 2181 Lazzaro
1764 2158 1887 2185 martire,
1913 2157 1955 2179 cui

1064 2199 1111 2228 qui
1133 2198 1156 2221 si
1176 2205 1305 2225 accenna,
1331 2199 1397 2222 cade
1417 2199 1437 2222 il
1462 2205 1493 2229 27
1515 2206 1606 2222 marzo
1632 2199 1679 2229 (cf.
1706 2199 1851 2225 BAnomo,
1877 2199 1955 2221 Alar-

1066 2240 1228 2271 lyrologium
1248 2248 1390 2267 romanum,
1412 2248 1436 2271 p.
1460 2240 1529 2272 154).

1152 2280 1164 2296 3
1184 2280 1289 2309 Qnesto
1311 2283 1422 2305 usui-aio
1443 2282 1611 2306 Melchiorre
1630 2283 1664 2306 da
1685 2283 1751 2306 altri
1766 2281 1780 2306 'e
1794 2283 1880 2306 detto,
1898 2289 1952 2304 non

1067 2331 1096 2346 so
1117 2331 1147 2347 su
1168 2324 1232 2354 qual
1254 2324 1444 2351 fondamento,
1464 2324 1570 2348 Matteo
1591 2324 1777 2356 Bergonzini:
1800 2325 1806 2347 ἰ
1823 2324 1887 2347 frati
1904 2324 1953 2347 che

1067 2365 1094 2388 lo
1121 2372 1246 2389 avevano
1273 2366 1382 2398 sepolto
1410 2365 1483 2389 nella
1510 2366 1571 2389 loro
1598 2366 1690 2390 chiesa
1713 2373 1797 2389 erano
1818 2365 1956 2397 probabil-

1068 2409 1159 2430 mente
1187 2408 1272 2438 quelli
1301 2408 1328 2431 di
1357 2414 1404 2431 san
1432 2407 1593 2431 Francesco,
1633 2408 1834 2438 L‘interdetto,
1863 2409 1905 2431 cni
1934 2409 1955 2429 si

1068 2447 1168 2473 allude.
1188 2447 1202 2472 ὸ
1221 2448 1315 2478 quello
1336 2449 1380 2472 (lel
1404 2455 1484 2479 1323;
1505 2449 1538 2472 cs.
1561 2456 1585 2479 p,
1607 2446 1648 2480 89,
1671 2449 1699 2473 ll.
1723 2455 1807 2481 17-19.

1156 2488 1167 2504 4
1187 2490 1224 2513 Di
1244 2492 1340 2521 questa
1362 2492 1480 2521 impresa
1505 2491 1549 2514 del
1577 2499 1603 2514 re
1630 2491 1810 2522 d'Ungheria
1835 2491 1919 2522 Luigi
1944 2491 1955 2513 1

1069 2531 1350 2563 (1.342<1382)cont1²0
1365 2533 1442 2559 Zara,
1457 2540 1470 2555 e
1485 2532 1558 2556 della
1573 2532 1702 2556 seonfitta
1716 2533 1764 2556 che
1780 2534 1786 2556 i
1803 2532 1955 2556 Veneziani

1069 2574 1262 2603 gl’inflissero‚
1292 2574 1438 2597 dovettero
1469 2576 1562 2597 venire
1595 2575 1738 2605 parecchie
1770 2575 1906 2598 relazioni
1941 2583 1955 2598 a

1070 2616 1191 2642 Ferrara,
1213 2623 1260 2647 per
1281 2624 1374 2639 mezzo
1402 2617 1445 2639 dei
1473 2618 1557 2639 nunzi
1586 2617 1741 2640 mandativi
1769 2617 1815 2640 dal
1842 2624 1958 2640 comune

1070 2658 1097 2680 di
1119 2657 1246 2686 venezia,
1267 2665 1343 2681 come
1364 2658 1491 2681 abbiamo
1511 2658 1555 2681 dal
1580 2659 1639 2681 Chr.
1656 2659 1722 2684 Est..
1737 2665 1795 2689 424.

1070 2707 1154 2723 erano
1175 2700 1312 2723 conformi
1334 2700 1377 2722 del
1398 2702 1482 2728 tutto,
1503 2700 1618 2723 essendo
1641 2701 1804 2731 divergente
1825 2701 1959 2731 alquanto

1077 2742 1096 2764 il
1118 2744 1249 2765 tauronto
1269 2742 1312 2765 del
1330 2743 1389 2765 Chr,
1410 2744 1457 2765 cit.
1477 2743 1510 2765 ila
1530 2742 1623 2772 quello
1643 2742 1687 2765 del
1709 2744 1806 2765 nostro
1825 2744 1959 2771 cronista,

1070 2783 1118 2806 che
1147 2784 1252 2807 sembra
1282 2792 1346 2807 aver
1375 2785 1480 2807 attinto
1510 2792 1523 2807 a
1553 2784 1625 2807 fonti
1656 2784 1683 2807 di
1714 2785 1856 2816 maggiore
1888 2787 1958 2808 esai-

1069 2827 1155 2849 tezza.

1158 2866 1168 2881 3
1189 2868 1306 2891 Sarebbe
1317 2869 1390 2891 stato
1403 2868 1422 2890 il
1435 2873 1448 2898 7
1461 2868 1615 2895 settembre,
1627 2869 1747 2892 sei-oudo
1757 2869 1776 2891 il
1789 2870 1827 2892 M.
1839 2877 1853 2892 e
1866 2869 1884 2891 il
1899 2871 1958 2893 Chr.

1070 2910 1138 2935 Est..
1157 2916 1221 2939 431:
1236 2910 1271 2932 cf.
1285 2909 1372 2935 Mun..
1388 2910 1450 2933 Ant.
1466 2910 1532 2937 Est.,
1546 2909 1580 2937 11,
1598 2917 1653 2934 112.
1691 2910 1714 2933 11
1730 2917 1743 2942 7
1758 2913 1821 2935 sett.
1835 2910 1908 2942 parti
1924 2911 1958 2934 da

1069 2949 1184 2974 Fer-rara
1204 2958 1217 2974 e
1236 2951 1335 2982 giunse
1355 2958 1369 2974 a
1388 2950 1497 2974 Milano
1518 2951 1539 2974 il
1561 2957 1593 2982 14
1612 2952 1684 2980 (Chr.
1705 2952 1773 2981 Est„
1794 2954 1911 2983 430³)-

1835 2659 1879 2682 Ma
1900 2666 1955 2681 non
1990 2670 2000 2676 -

2031 512 2051 521 ι.
2068 503 2093 521 (28
2108 505 2117 522 θ

2007 1077 2081 1099 Mun„
2102 1078 2141 1096 606

1986 2039 2017 2063 35

1988 2249 2022 2273 40

1988 2461 2019 2485 45

1989 2879 2019 2904 55
