2318 3603
282 1355 313 1373 10

277 1777 309 1795 20

276 1988 307 2013 ²5

275 2199 308 2223 30

274 2406 304 2431 35

273 2822 304 2846 45

935 239 1252 277 CHRONICON
1281 242 1587 280 MUTINENSE

342 359 385 390 de
403 359 563 391 Blanchis
580 366 614 391 et
631 360 688 391 filii
703 361 784 399 eius,
802 361 849 402 [et
865 362 984 404 aliqui]
1002 364 1045 394 de
1061 363 1233 395 Raineriis
1249 370 1283 395 et
1300 364 1342 396 de
1360 364 1558 396 Oldofredis
1573 371 1607 397 et
1623 365 1689 402 alii,
1707 376 1824 397 omnes
1836 366 2004 398 notabiles
2021 367 2065 398 de
2076 373 2174 408 parte

345 412 411 448 illa,
429 412 486 453 qui
503 412 637 444 fuerunt
654 413 729 454 plus
746 425 845 456 quam
859 421 1005 446 centum.
1024 415 1081 447 'Et
1098 416 1152 447 die
1166 416 1250 447 iovis
1262 416 1309 458 xij
1326 417 1408 447 iunii
1422 417 1636 458 decapitatus
1650 418 1715 449 fuit
1727 418 1838 450 dictus
1851 418 2008 450 dominus
2020 419 2176 463 Cenanes

344 464 386 495 de
412 463 540 496 Sancto
563 464 707 498 Alberto
731 465 790 507 [et]
814 468 1000 500 canonicus
1030 468 1073 500 de
1105 469 1254 500 Galuciis
1279 475 1311 500 et
1343 469 1397 501 die
1421 469 1527 501 sabati
1552 471 1624 512 xiiij
1658 471 1739 502 iunii
1764 471 1877 512 capita
1907 471 1952 512 xj.
1984 471 2027 502 de
2058 472 2175 503 melio-

344 516 435 548 ribus
470 517 513 549 de
548 518 675 559 populo
709 519 886 551 Bononiae
917 520 960 552 ab
991 531 1107 552 eorum
1141 522 1290 553 humeris
1324 522 1438 564 gladio
1473 530 1629 563 separata
1666 524 1805 555 fuerunt
1820 522 1839 554 ¹.
1885 523 1987 555 Dicto
2022 530 2175 565 tempore

342 568 399 611 xiij
425 569 482 601 die
505 570 640 602 veneris
664 570 744 602 iunii
768 572 900 604 nobiles
923 573 967 604 de
990 573 1123 605 Mutina
1147 574 1189 605 de
1207 580 1302 616 parte
1319 573 1503 616 Aygonum
1521 585 1598 606 cum
1614 575 1733 607 maiori
1755 581 1852 617 parte
1876 576 1994 617 populi
2018 576 2174 608 Mutinae

341 622 498 654 existenti
514 628 548 654 et
564 633 640 655 cum
658 633 699 656 eo
715 625 897 668 septigenti
915 626 1038 658 milites
1050 626 1105 657 vel
1118 627 1211 658 circa
1223 626 1357 658 iverunt
1374 627 1417 658 ad
1435 633 1580 658 castrum
1597 628 1701 669 Carpi
1715 629 1749 659 in
1766 628 1944 660 obsidione
1961 628 2065 670 ipsius
2079 628 2176 660 terri-

341 674 417 705 torii
429 675 581 717 undique
604 675 799 709 invadendo
823 678 953 714 domos
978 679 1164 711 cremando
1189 679 1351 711 incendio
1375 684 1510 721 segetes
1533 685 1567 710 et
1591 680 1762 712 frumenta
1778 681 1951 718 metendo,
1976 681 2124 722 dapnum
2140 680 2174 712 in

340 727 433 759 dicto
456 727 626 760 territorio
650 730 834 761 maximum
851 730 1041 762 inferendo.
1088 731 1132 763 Et
1149 731 1205 762 die
1221 731 1396 763 dominico
1412 731 1480 774 xxij
1499 732 1584 764 iunii
1601 733 1693 765 circa
1708 733 1827 765 horam
1844 743 2062 775 vesperorum
2079 742 2175 765 exer-

341 779 425 811 citus
448 780 591 812 surrexit
614 786 649 813 et
671 792 789 814 versus
813 782 981 815 Mutinam
998 783 1115 826 fugam
1131 783 1273 825 arripuit
1286 783 1297 800 ²
1316 790 1349 816 et
1366 784 1431 816 iam
1447 786 1552 818 stellis
1569 786 1628 826 [in]
1645 786 1743 817 caelo
1767 785 2010 827 apparentibus
2026 785 2179 818 Mutinae

432 929 453 946 1.
473 924 500 947 et
526 923 612 955 aliqui
632 931 680 948 uon
701 923 714 947 ὲ
732 925 760 948 in
779 925 822 955 A..
840 926 926 951 Mun„
954 926 998 950 Cr.
1019 939 1029 943 -
1048 927 1075 949 et
1094 926 1158 956 dopo
1178 926 1321 951 Raineriis
1346 935 1393 950 om.
1420 928 1508 956 Mun„
1529 929 1574 952 Cr.
1595 941 1625 945 —
1648 935 1671 959 3.
1691 929 1719 951 et
1738 929 1833 951 avanti
1857 936 1873 951 a
1894 927 2049 951 canonicus
2069 934 2115 950 om.
2136 926 2167 950 A.

340 967 425 996 Mun„
443 968 486 991 Cr.
502 981 533 984 —
547 975 572 999 4.
590 968 752 993 humeribus
772 970 801 993 Α.
823 983 851 987 -
874 975 897 1000 5.
916 971 1079 1001 Aragonum
1099 970 1141 999 A„
1163 971 1223 994 Cn:
1243 971 1410 1003 Rangonum
1432 972 1509 996 Mun.
1530 985 1561 989 —-
1581 972 1606 995 6.
1625 971 1754 996 existenti
1777 980 1824 995 om.
1844 972 1938 1000 Mune,
1957 971 1982 994 1‘u
2004 972 2049 994 Cr.
2069 971 2082 993 ὶ·
2096 974 2177 1001 pasxa

341 1011 411 1042 dopo
425 1014 503 1043 parte
523 1020 538 1043 4
557 1025 568 1030 -
587 1020 619 1037 eo
637 1014 824 1046 septingenti]
837 1015 889 1038 cosi
906 1016 1023 1047 leggono
1043 1015 1121 1039 Mun.
1141 1023 1154 1037 e
1176 1015 1221 1039 Cr.
1241 1016 1291 1039 due
1304 1017 1402 1046 parole
1420 1015 1646 1047 indecisrabilidd
1663 1016 1694 1039 A.
1716 1030 1747 1033 —
1768 1016 1792 1040 8.
1811 1015 1891 1047 XXI];
1912 1022 1942 1046 25
1956 1016 1998 1045 A„
2014 1016 2098 1041 Mun..
2116 1016 2176 1039 Cn:

339 1063 381 1078 ma
399 1055 424 1079 n'l
439 1062 476 1085 25
494 1063 543 1079 era
566 1057 704 1081 mercoledi
717 1071 752 1075 —
764 1064 788 1088 9.
802 1058 830 1082 in
850 1066 918 1090 agg.
939 1059 1026 1087 Μυκη
1048 1059 1091 1084 Cr.

340 1140 417 1164 Frati
433 1148 447 1164 e
466 1139 596 1169 Son-belli,
617 1149 643 1173 p.
664 1141 705 1173 58,
724 1142 756 1166 ll.
779 1149 810 1175 ²5
831 1150 885 1174 sg.;
903 1143 945 1175 gli
965 1143 1069 1167 editori
1088 1145 1232 1168 modenesi

341 1182 369 1205 di
386 1181 472 1206 Giov.
488 1183 524 1208 da
536 1183 666 1208 Bazzano
678 1184 767 1208 fanno
782 1186 879 1209 invene
888 1185 969 1209 finire
982 1186 1002 1209 il
1013 1186 1131 1217 periodo
1139 1193 1192 1210 con
1207 1187 1232 1210 le

340 1224 437 1257 parole
455 1225 541 1249 dictae
554 1228 654 1257 partes.

431 1264 439 1281 ¹
458 1265 497 1290 Le
518 1268 622 1291 notizie
642 1269 705 1292 date
726 1269 772 1292 dal
793 1271 891 1293 nostro
911 1271 1036 1294 cronista
1051 1271 1123 1294 circa
1137 1270 1163 1294 le
1176 1278 1231 1294 ese-

341 1309 453 1332 cuzioni
474 1310 589 1341 capitali
610 1311 741 1334 ordinate
760 1310 950 1343 dall'Oleggio
977 1320 1032 1335 non
1053 1313 1231 1336 concordano

341 1351 390 1374 che
411 1352 438 1374 in
459 1353 538 1382 parte
552 1359 604 1375 con
625 1352 716 1383 quelle
736 1353 808 1377 delle
828 1353 902 1377 sonti
924 1354 1085 1385 bolognesi;
1108 1355 1128 1377 il
1152 1353 1230 1378 Gris-

341 1393 404 1418 soni
417 1393 519 1425 (Alerta,
533 1394 602 1418 ediz.
616 1395 672 1422 cit..
687 1402 712 1426 p.
728 1394 781 1427 58),
791 1396 851 1419 dice
863 1396 911 1419 che
927 1396 946 1419 il
964 1403 991 1419 12
1005 1398 1112 1428 Jiugno
1127 1397 1230 1421 surono

340 1437 490 1468 decapitati
502 1436 612 1460 Delfino
624 1435 777 1461 Gozzadini
789 1438 908 1468 giudice.
922 1437 1048 1462 Guerino
1063 1439 1105 1462 dei
1122 1441 1228 1470 signori

339 1479 367 1502 di
388 1479 517 1508 Vizzano,
539 1478 670 1502 Zenanne
690 1479 724 1502 da
750 1478 956 1505 Sant'Alberto.
977 1487 1029 1504 con
1050 1483 1164 1511 quattro
1186 1482 1230 1505 dei

339 1521 401 1544 suoi
421 1521 503 1548 servi,
523 1518 660 1544 Giacomo
680 1521 871 1552 Bentimglio,
891 1522 1018 1545 Brunino
1038 1523 1080 1546 de’
1103 1523 1229 1548 Bianchi.

339 1561 431 1593 Lippo
451 1562 479 1585 di
500 1562 719 1593 Maghinardino
734 1561 876 1593 Galluzzi,
890 1562 1030 1587 Cecchino
1048 1564 1162 1595 Azzoni‚
1177 1564 1229 1589 Ge-

339 1605 465 1628 miniano
481 1605 507 1628 di
523 1605 621 1628 Bitino
635 1605 781 1629 modenese
797 1613 810 1629 e
824 1605 921 1629 alcuni
934 1606 1003 1633 alri;
1020 1606 1039 1629 il
1058 1613 1096 1638 14,
1110 1607 1230 1632 Michele

339 1645 529 1677 Bentivoglio,
558 1645 713 1675 Fulcirolo,
742 1647 849 1671 Matteo
878 1655 891 1671 e
921 1647 1036 1671 Calorio
1066 1647 1229 1673 Gozzadini.

338 1687 483 1712 Giovanni
499 1686 659 1715 GarisendL
679 1688 809 1713 Bassotto
831 1690 1014 1714 Basacomari,
1030 1691 1202 1722 Bertignano
1216 1700 1230 1715 e

338 1730 482 1754 Giovanni
505 1730 632 1761 Cavezzi‚
652 1731 791 1755 Albarino
818 1732 852 1756 da
876 1731 1049 1763 castagnolo
1069 1741 1082 1756 e
1102 1734 1229 1757 Bartolo-

338 1780 398 1796 meo
425 1773 452 1796 di
480 1780 522 1796 ser
546 1772 665 1797 Alberto
691 1773 764 1797 della
789 1774 952 1805 parroechia
979 1775 1006 1798 di
1034 1778 1114 1799 santa
1140 1776 1230 1800 Maria

337 1814 382 1837 del
403 1813 535 1845 Tempio;
557 1814 578 1838 il
598 1821 639 1841 21.
666 1814 804 1846 Gregorio
830 1816 999 1841 Bianchetti.
1024 1816 1128 1841 Ghetto
1149 1817 1231 1842 Gari-

341 1857 427 1886 sendi,
450 1856 617 1887 Mengolino
637 1856 817 1888 Garfagnini.
839 1857 976 1882 Giuliano
991 1859 1160 1887 Petroboni;
1173 1849 1194 1883 ς
1209 1861 1229 1883 il

339 1905 379 1929 23.
394 1898 530 1922 Giacomo
541 1898 582 1922 de’
593 1899 720 1925 Bianchi.
731 1899 811 1923 Tano
824 1907 873 1923 suo
885 1900 963 1931 figlio
975 1909 988 1924 e
1000 1901 1143 1925 Giovanni
1157 1902 1229 1926 Mez—

338 1940 484 1964 zovillani.
503 1940 526 1964 Il
545 1940 726 1964 Ghirardacci
742 1941 836 1972 (Hisn,
853 1942 885 1970 ΙΙ,
905 1943 1042 1974 221-222),
1062 1944 1228 1975 attingendo

338 1990 420 2006 senza
440 1982 544 2006 dubblo
565 1990 579 2006 a
599 1990 654 2007 una
676 1983 752 2007 fonte
773 1984 891 2012 diversa,
911 1982 945 2008 da
967 1986 973 2008 i
990 1987 1065 2009 nomi
1085 1987 1227 2017 seguenti:

336 2025 487 2056 decapitati
509 2024 529 2048 il
553 2031 581 2048 12
602 2026 716 2057 giugno,
737 2025 876 2052 Carlotto.
902 2027 1013 2051 Delfino
1038 2036 1052 2051 e
1078 2028 1226 2052 Bonifacio

337 2066 501 2090 Gozzadini-
521 2067 627 2091 Bornio
647 2067 686 2097 (lo
706 2070 793 2092 stesso
814 2068 862 2092 che
882 2068 1020 2099 Brunino)
1040 2069 1081 2092 de'
1101 2069 1227 2096 Bianchi,

339 2108 475 2132 Giacomo
495 2109 530 2132 da
544 2108 683 2135 Soresina.
698 2109 824 2133 Guerino
838 2111 872 2134 da
886 2111 1019 2138 Vizzano,
1035 2111 1128 2142 Lippo
1142 2119 1155 2134 e
1171 2112 1228 2135 Ma-

335 2150 507 2181 ghinardino
519 2150 653 2180 Galluzzi,
663 2151 798 2175 Giacomo
808 2152 997 2183 Bentivoglio.
1008 2152 1110 2176 Ghisio
1120 2154 1228 2177 Zoven-

338 2193 412 2219 zoni,
438 2192 628 2217 Albertinello
651 2192 829 2224 Ranzaldini,
851 2195 1005 2218 Francesco
1025 2194 1155 2219 Salaroli.
1176 2195 1229 2218 Mi-

336 2233 412 2257 rhele
424 2234 614 2266 Bentivoglio,
628 2235 721 2259 Guido
733 2235 812 2263 Orsi:
827 2243 841 2259 e
856 2236 869 2248 “
882 2236 955 2267 negli
969 2237 1033 2260 altri
1047 2238 1141 2268 giorni
1153 2238 1200 2268 poi
1215 2256 1226 2267 ,‚

336 2276 481 2300 Fuleirolo
501 2284 514 2300 e
534 2277 640 2300 Matteo
667 2276 828 2303 Gozzadini.
848 2278 1022 2309 Bertignano
1047 2285 1062 2302 e
1083 2278 1227 2303 Giovanni

336 2317 410 2342 dalle
423 2317 551 2346 Cavezze,
562 2318 714 2343 Albertino
727 2319 902 2351 Castagnoli.
915 2320 1061 2344 Giovanni
1075 2330 1088 2344 e
1102 2321 1229 2345 Bercetto

336 2360 494 2388 Garisendi‚
524 2360 641 2385 Pasotto
672 2362 857 2386 Basacomari.
890 2362 1028 2393 Gregorio
1060 2363 1229 2389 Bianchetti.

335 2402 480 2426 Giovanni
497 2401 676 2434 Garfagnini,
691 2402 828 2427 Glacomo
846 2403 887 2428 de'
907 2404 1025 2428 Bianchi
1045 2412 1058 2428 e
1078 2404 1158 2428 Tano
1179 2413 1228 2429 suo

334 2443 412 2475 figlio
432 2451 445 2467 e
467 2443 611 2467 Giovanni
633 2444 840 2469 Mezzovillani.
877 2445 899 2468 11
921 2445 984 2470 Chr.
1003 2445 1068 2472 Est„
1089 2445 1148 2477 482.
1169 2447 1229 2471 dice

334 2486 383 2509 che
403 2486 508 2510 surono
529 2488 602 2517 presi
624 2486 645 2509 il
667 2486 774 2518 Pepoli.
788 2487 810 2510 il
825 2487 942 2511 Bianchi
959 2488 971 2500 *Ἴ
982 2489 1105 2520 etfilium
1121 2489 1184 2517 eius,
1199 2489 1225 2515 d.

334 2527 506 2559 Ray-nerium
521 2527 555 2551 de
574 2526 741 2556 Gozadfflis,
757 2528 783 2554 d.
796 2529 967 2553 Balduinum
981 2530 1015 2553 de
1030 2530 1189 2556 Balduinis.
1202 2531 1227 2556 d,

335 2569 498 2594 Guidonem
517 2570 551 2593 de
570 2570 664 2593 Poetis
676 2586 700 2599 ‚‚.
737 2570 770 2594 O.
791 2571 922 2594 Mazzoni
950 2571 1066 2596 Toselli.
1094 2573 1136 2595 nei
1167 2574 1226 2595 suoi

335 2611 464 2635 Raccontt'
475 2611 574 2640 storici,
590 2611 610 2640 1,
623 2610 670 2641 581
688 2619 745 2644 sgg.
762 2612 819 2639 e11,
834 2611 882 2643 462
899 2620 966 2644 sgg..
987 2614 1094 2636 avendo
1110 2615 1226 2637 rintrac-

334 2654 408 2677 ciato
438 2653 458 2676 il
484 2661 614 2684 processo
638 2654 712 2684 negli
740 2654 846 2677 archivi
874 2654 1029 2685 bolognesi,
1058 2663 1091 2678 ne
1117 2654 1162 2679 di'e
1190 2663 1227 2679 un

333 2697 475 2719 riassunto
506 2696 627 2718 inesatto
657 2703 670 2718 e
698 2696 887 2727 incompiuto:
915 2696 970 2727 egli
991 2694 1025 2720 dit
1053 2704 1129 2720 corne
1149 2697 1226 2721 deca-

334 2738 417 2768 pitati
450 2736 471 2760 il
504 2744 531 2760 12
562 2738 670 2768 giugno
698 2737 739 2769 gli
767 2739 846 2761 stessi
872 2738 990 2762 indicati
1020 2739 1066 2762 dal
1095 2738 1226 2770 Grit'toni,

335 2780 437 2802 omette
458 2778 479 2801 il
499 2779 645 2802 modenese
672 2778 858 2807 Geminiano;
879 2788 926 2811 per
953 2780 977 2803 le
1000 2781 1157 2804 esecuzioni
1181 2781 1225 2804 del

338 2828 367 2851 ¹4
388 2818 423 2844 d-'a
443 2828 518 2851 pure.
539 2828 590 2844 con
612 2820 729 2851 qualche
750 2823 885 2846 variante.
906 2824 975 2846 sette
996 2823 1039 2845 dei
1060 2823 1132 2846 dieci
1147 2825 1223 2846 notni

334 2864 418 2886 recati
443 2863 488 2886 dal
519 2862 649 2893 Griffoni‚
679 2864 798 2887 tacendo
824 2863 884 2888 cioe
910 2865 952 2888 dei
983 2865 1035 2888 due
1064 2864 1181 2888 Cavezzi
1212 2874 1225 2889 e

335 2904 512 2928 Bartolomeo
532 2905 560 2928 di
582 2912 624 2928 ser
643 2904 776 2933 Alberto;
791 2912 805 2929 e
825 2906 863 2937 gli
880 2906 945 2930 altri
960 2908 1034 2929 nomi
1051 2905 1083 2930 d?-
1105 2915 1181 2930 come
1195 2908 1224 2931 di

334 2946 488 2976 giustiziati
510 2946 530 2969 il
551 2953 580 2970 21
597 2947 711 2977 giugno,
727 2948 888 2971 omettendo
902 2955 950 2979 per
970 2948 1043 2971 altro
1057 2948 1223 2979 Mengolino

335 2987 504 3019 Garsagnini
532 2996 546 3012 e
570 2987 706 3012 Giuliano
728 2987 891 3013 Petroboni.
929 2989 972 3013 Ho
993 2992 1093 3021 potuto
1115 2990 1223 3022 lcggere

1290 1145 1311 1168 il
1340 1151 1471 1176 processo
1492 1145 1536 1169 nel
1551 1143 1583 1168 R.
1599 1145 1683 1169 Arch.
1704 1146 1732 1169 di
1753 1145 1834 1170 Stato
1848 1146 1875 1169 di
1897 1145 2032 1176 Bologna.
2057 1144 2121 1168 Atti
2137 1145 2183 1168 del
2207 1151 2241 1176 50

1288 1186 1413 1214 Pndesffz,
1433 1187 1507 1210 libro
1529 1195 1642 1210 numero
1665 1188 1779 1211 vecchio
1802 1194 1858 1220 157.
1880 1194 1976 1211 nuovo
1995 1185 2080 1214 802‚e
2101 1194 2128 1210 se
2149 1194 2181 1209 ne

1286 1230 1452 1260 riti-aggone
1473 1230 1577 1253 notizie
1597 1231 1668 1253 assai
1694 1227 1743 1260 piii
1762 1231 1868 1260 precise
1887 1236 1902 1253 e
1924 1230 2023 1252 sicui-e.
2061 1228 2180 1260 Appena

1285 1272 1449 1294 conosciuta
1469 1271 1495 1294 la
1516 1273 1659 1301 cong-iura.
1675 1272 1704 1295 fu
1725 1272 1818 1295 subito
1838 1271 1883 1295 dal
1904 1268 2020 1302 podesta
2045 1270 2178 1294 Ottolino

1286 1313 1365 1336 Burri
1397 1314 1517 1337 iniziato
1544 1321 1580 1337 un
1608 1321 1738 1344 processo
1764 1316 1864 1337 contro
1895 1313 1945 1336 “d.
1973 1312 2114 1336 Delfinum
2145 1313 2179 1336 de

1287 1358 1298 1367 *¹
1312 1354 1483 1379 Goczadinis
1511 1355 1712 1386 iurisperitum.
1732 1356 1862 1379 Iacobum
1887 1356 1919 1379 de
1933 1354 2116 1382 Benteuoffis,
2129 1354 2178 1378 Ze-

1287 1401 1412 1420 “nancrn
1443 1397 1475 1420 de
1502 1398 1606 1421 Sancto
1636 1398 1764 1422 Alberto.
1795 1398 1949 1421 Bruninum
1977 1397 2010 1420 de
2036 1396 2176 1426 Blanchis,

1287 1444 1297 1450 ¹·
1311 1439 1441 1462 Iacobum
1462 1439 1494 1462 de
1514 1439 1628 1462 Suricis
1650 1438 1805 1463 Guerinum
1826 1440 1858 1462 (le
1872 1438 1992 1462 Vezano.
2011 1438 2119 1462 Nanem
2132 1438 2176 1461 Bi-

1287 1486 1298 1493 ··
1312 1482 1366 1504 tini
1389 1482 1421 1504 de
1442 1481 1556 1507 Budrio,
1579 1482 1700 1513 Lippum
1721 1482 1838 1505 condam
1859 1481 2018 1512 Maginardi
2039 1481 2072 1504 de
2092 1479 2177 1504 Galu-

1286 1526 1297 1535 “
1310 1524 1370 1548 ciis,
1391 1522 1554 1547 Ottolinum
1575 1525 1681 1547 dictum
1702 1524 1827 1547 Tonsum
1847 1524 1880 1547 de
1901 1522 2014 1547 Galeria
2040 1522 2176 1546 famulum

1286 1566 1297 1576 ⁴⁴
1311 1566 1494 1597 suprascripti
1517 1565 1648 1594 Zenanis,
1667 1565 1823 1589 Rodulfurn
1843 1565 1875 1588 de
1896 1564 2068 1595 Burgonouo
2089 1564 2176 1588 samu-

1285 1609 1296 1618 ⁴⁴
1310 1606 1367 1629 lum
1376 1608 1558 1638 suprascripti
1569 1607 1698 1632 Zenanis.
1708 1607 1910 1637 Zemignanum
1920 1606 2012 1629 Betini
2022 1605 2056 1629 de
2063 1605 2175 1629 Aziano

1286 1649 1489 1679 “episcopatus
1509 1649 1628 1674 Mutine.
1654 1648 1845 1672 Zichinellum
1871 1649 1904 1672 de
1928 1648 2033 1672 Sancto
2053 1647 2175 1674 Marino,

1286 1690 1493 1714 “Dominicum
1521 1690 1638 1714 Guerini
1666 1691 1699 1714 do
1724 1690 1828 1714 Sancto
1854 1690 1975 1716 Marino.
2002 1687 2175 1713 Chechinum

1286 1736 1297 1744 ⁴⁴
1310 1733 1385 1756 Berti
1408 1733 1441 1755 de
1462 1732 1608 1756 Azonibus
1620 1750 1642 1761 ,,,
1664 1734 1670 1756 i
1692 1732 1779 1763 quali,
1799 1733 1947 1756 esarninati
1968 1739 1983 1755 e
2002 1732 2174 1756 condannati

1284 1776 1313 1797 in
1336 1775 1427 1799 sretta.
1454 1775 1557 1798 sui-ono
1584 1776 1736 1806 decapitati
1764 1774 1784 1798 il
1814 1781 1841 1798 12
1869 1776 1991 1805 giugno:
2019 1774 2175 1798 “mandata

1286 1820 1297 1828 ‘⁴
1310 1818 1476 1839 executione
1491 1824 1538 1847 per
1558 1817 1583 1840 d.
1604 1816 1782 1848 Raynaldum
1802 1816 1922 1840 militem
1936 1818 1963 1839 et
1981 1822 2078 1839 omnes
2097 1816 2174 1839 deca-

1285 1859 1394 1889 “pitati
1424 1859 1535 1882 fuerunt
1559 1859 1604 1882 die
1630 1860 1670 1891 xij
1698 1859 1770 1882 iunii
1784 1876 1806 1889 n·
1832 1858 1915 1882 Dalle
1944 1858 2118 1882 confessioni
2145 1858 2173 1881 di

1283 1901 1373 1931 questi
1404 1901 1567 1931 disgraziati
1599 1901 1619 1924 il
1649 1902 1761 1931 giudice
1785 1901 1852 1924 ebbe
1873 1900 1938 1924 altri
1960 1900 2046 1923 indizi
2067 1907 2080 1923 e
2101 1899 2121 1923 il
2145 1905 2172 1923 12

1281 1943 1388 1973 giugno
1411 1940 1499 1965 inizio
1520 1942 1585 1965 altri
1608 1944 1748 1973 processi:
1770 1944 1798 1966 in
1819 1943 1930 1973 seguito
1950 1942 2004 1965 alle
2023 1941 2175 1966 risultanze

1281 1984 1323 2007 dei
1345 1984 1421 2014 quali
1444 1984 1463 2007 il
1494 1991 1523 2015 14
1552 1985 1660 2016 giugno
1691 1985 1793 2008 furono
1822 1984 1976 2015 decapitati
2009 1983 2175 2007 “Iohannes

1281 2027 1458 2050 “Nicholaus
1478 2028 1510 2050 dc
1531 2027 1668 2055 Cauiziis,
1696 2028 1884 2059 Bertignanus
1903 2027 1936 2050 de
1962 2025 2098 2054 Cauiziis,
2122 2025 2171 2049 Al-

1283 2070 1294 2080 ί·
1307 2070 1421 2092 barinus
1442 2069 1474 2092 de
1495 2069 1690 2101 Castagnollo‚
1705 2069 1844 2093 Iohannes
1863 2069 1962 2092 Zerrae
1982 2069 2016 2092 de
2035 2067 2172 2092 Garixen-

1285 2115 1295 2123 “¹
1309 2112 1360 2137 dis,
1382 2111 1512 2135 Mathcus
1532 2112 1650 2135 condam
1670 2112 1837 2135 Bernardini
1859 2112 1892 2134 de
1913 2110 2090 2138 Goczadinis,
2110 2109 2174 2133 Ful—

1285 2157 1296 2164 “
1310 2152 1428 2176 zirollus
1439 2154 1556 2177 condam
1570 2153 1681 2177 Caloris
1693 2154 1725 2177 de
1737 2153 1915 2178 Goczadinis.
1927 2152 2046 2176 Michael
2054 2151 2172 2175 condam

1285 2198 1296 2205 ‘⁴
1309 2194 1391 2217 ssenis
1412 2194 1444 2217 de
1458 2194 1640 2224 Benteuoliis,
1663 2194 1856 2218 Bartolomeus
1876 2201 1918 2217 scr
1938 2193 2047 2217 Alberti
2069 2192 2174 2224 capelle

1285 2238 1296 2247 “
1309 2236 1408 2259 Sancte
1430 2236 1516 2259 >sarie
1536 2235 1570 2259 de
1589 2236 1715 2267 Templo.
1730 2237 1853 2259 Baxotus
1867 2236 1900 2259 de
1914 2235 2172 2262 Baxacomatribus.

1285 2278 1335 2301 “d.
1357 2278 1488 2301 Calorius
1515 2279 1633 2302 condam
1654 2279 1679 2302 d.
1706 2278 1770 2301 Pini
1797 2278 1830 2301 de
1851 2277 2020 2302 Goczadinis
2030 2295 2054 2307 η.
2091 2276 2172 2300 Altre

1283 2320 1429 2343 condannc
1457 2328 1511 2343 non
1540 2320 1642 2344 sui-ono
1673 2321 1857 2351 pronunziate
1884 2318 1917 2344 n'c
1936 2320 2074 2350 eseguitez
2101 2318 2172 2343 sola-

1283 2364 1374 2385 mente
1395 2362 1497 2385 furono
1520 2363 1532 2374 “
1544 2370 1640 2386 omnes
1656 2363 1682 2385 in
1699 2363 1893 2394 amputatione
1913 2362 2015 2393 capitis
2034 2362 2170 2391 banniti„

1286 2404 1366 2427 molti
1390 2404 1454 2427 altri
1477 2406 1646 2435 congiurati,
1667 2405 1715 2428 che
1729 2412 1813 2428 erano
1828 2404 1932 2436 suggiti
1948 2403 2021 2427 nelle
2041 2401 2110 2427 citt&
2124 2410 2172 2434 per

1282 2447 1416 2469 ciascuno
1438 2447 1560 2470 indicate
1581 2446 1625 2470 nel
1646 2454 1783 2478 processu.
1821 2446 1875 2470 Dal
1897 2446 1978 2477 quale
1998 2445 2100 2470 risulto
2123 2455 2170 2471 an-

1282 2489 1330 2512 che
1350 2488 1375 2511 la
1396 2486 1560 2519 complicita
1581 2489 1607 2512 di
1630 2488 1778 2512 Bonifazio
1798 2489 1917 2516 Ariosti,
1940 2489 2013 2512 forse
2032 2496 2080 2520 per
2095 2490 2169 2514 inca-

1280 2532 1339 2554 rico
1359 2531 1403 2554 del
1425 2531 1564 2554 marchese
1585 2530 1612 2554 di
1635 2530 1764 2554 Ferrara:
1791 2530 1935 2554 Giovanni
1957 2530 2029 2554 delle
2049 2529 2170 2555 Cavezze

1281 2571 1410 2596 vonsesso
1439 2573 1466 2596 di
1498 2579 1578 2596 avere
1608 2572 1628 2595 il
1658 2571 1674 2595 6
1700 2573 1808 2603 giugno
1834 2573 1959 2596 ricevuta
1986 2580 2041 2596 una
2069 2573 2169 2597 lettera

1283 2618 1294 2626 “⁴
1307 2623 1388 2645 quam
1401 2616 1493 2638 missit
1504 2615 1588 2638 michi
1598 2615 1622 2638 d.
1635 2614 1796 2638 Bonifatius
1807 2615 1840 2638 de
1851 2613 1967 2644 Riostis,
1980 2616 2026 2645 qui
2041 2622 2113 2639 nunc
2127 2617 2169 2639 est

1282 2658 1438 2686 “fem-sie,
1469 2658 1618 2681 continens
1643 2657 1716 2688 quod
1741 2663 1791 2680 nos
1819 2656 1966 2680 debeamus
1985 2657 2092 2681 cridare
2121 2657 2167 2681 ‘ad

1282 2701 1293 2710 *⁴
1307 2707 1382 2722 arma
1403 2700 1435 2722 ad
1458 2699 1551 2722 arma'
1571 2699 1615 2722 die
1636 2699 1753 2722 odierno
1768 2698 1811 2730 [12
1827 2697 1946 2729 giugno]
1962 2699 2035 2722 inter
2055 2700 2168 2723 tertiam

1282 2743 1333 2764 uet
1354 2749 1464 2767 nonam.
1485 2742 1550 2772 quia
1571 2742 1630 2772 ipse
1649 2743 1690 2764 est
1712 2742 1846 2765 venturus
1870 2740 1954 2764 hodie
1975 2741 2024 2764 illa
2044 2741 2113 2765 hora
2133 2741 2166 2765 ad

1282 2786 1292 2794 ⁵⁴
1306 2782 1494 2806 Mullincllam
1516 2783 1662 2806 districtus
1682 2782 1809 2806 Bononie
1829 2790 1891 2806 cum
1911 2785 2031 2813 quatuor
2057 2784 2165 2807 centum

1281 2823 1446 2846 “militibus
1475 2824 1632 2850 a1·matis„:
1651 2821 1666 2847 'c
1693 2824 1771 2847 detto
1797 2824 1843 2855 poi
1872 2823 1921 2847 che
1942 2824 1985 2847 ne]
2014 2823 2136 2847 tumulto
2157 2824 2164 2846 i

1279 2867 1437 2896 congiumti
1471 2866 1592 2889 “omnes
1617 2867 1715 2889 armati
1744 2866 1890 2889 cridabant
1905 2870 1910 2877 ·
1925 2867 2003 2889 vivat
2023 2866 2165 2897 popullus,

1281 2907 1293 2919 *¹
1305 2908 1383 2930 vivat
1402 2907 1536 2938 popollus
1548 2907 1553 2917 '
1565 2925 1587 2938 „.

1366 2947 1376 2963 ²
1388 2949 1483 2973 Scrive
1499 2949 1518 2972 il
1532 2949 1698 2973 Tiraboschi
1713 2950 1802 2981 (illem.
1816 2953 1889 2977 stou,
1904 2949 1949 2974 111.
1964 2948 2024 2980 30).·
2041 2950 2053 2962 “
2064 2949 2087 2973 Il
2101 2950 2165 2973 Baz-

1281 2994 1292 3002 “
1304 2998 1373 3014 zano
1394 2991 1454 3015 dice
1475 2991 1523 3015 che
1543 2990 1587 3015 cio
1604 2992 1633 3015 su
1649 2992 1719 3015 fatto
1734 2999 1785 3015 con
1802 2993 1935 3023 inganno,
1950 2990 2054 3016 bench‘e
2068 3000 2123 3016 non
2138 2999 2166 3016 se

2206 1360 2237 1386 55

2203 1566 2238 1592 60

2203 1991 2236 2017 70

2201 2202 2232 2228 75
