2370 3603
47 843 84 873 10

51 1517 80 1533 10

106 253 402 287 [AA.1336-13371
718 245 971 281 IOHANNIS
1000 245 1067 279 DE
1096 244 1317 280 BAZANO

119 322 146 329 —
147 317 1922 329 .................................................................................................................................................................................................
1923 317 1937 324 ι

106 368 248 399 civitatis
264 367 415 399 Mutinae
432 367 524 398 venit
541 374 573 398 et
589 367 723 398 intravit
740 366 905 398 Mutinam
922 373 955 397 et
971 366 1217 408 possessionem
1236 371 1268 396 et
1285 365 1469 397 dominium
1492 365 1604 396 dictae
1621 364 1763 396 civitatis
1781 364 1916 404 accepit
1926 376 1934 400 ;

107 427 139 451 et
161 420 234 461 ipsa
258 420 313 451 die
336 426 413 461 post
443 430 566 451 nonam
598 419 755 451 traditum
788 419 851 450 fuit
875 418 938 450 sibi
968 429 1031 460 pro
1061 429 1098 450 se
1123 425 1156 449 et
1179 418 1284 449 fratre
1309 428 1368 449 suo
1393 418 1530 449 domino
1563 416 1708 448 Nicolao
1736 416 1938 448 Marchione

107 472 230 504 estensi
253 472 437 504 dominium
463 472 605 503 civitatis
628 471 781 503 Mutinae
799 471 856 512 [et]
875 472 1044 503 districtus
1060 482 1122 512 per
1145 470 1295 502 Consilia
1319 470 1492 513 generalia
1510 470 1661 501 comunis
1679 475 1711 500 et
1727 469 1844 510 populi
1860 469 1938 500 Mu-

106 525 195 557 tinae
226 525 260 556 in
291 524 430 556 Palacio
461 534 550 556 novo
575 524 665 555 dicte
698 524 841 556 civitatis
865 524 1017 556 Mutinae.
1033 525 1052 555 ¹.

193 578 356 609 Dominus
373 578 534 609 Nicolaus
551 577 593 608 de
611 577 743 608 Tabula
760 577 855 609 miles
873 584 905 608 et
923 578 1043 609 doctor
1061 577 1172 619 legum
1189 576 1344 608 Potestas
1359 576 1510 608 Mutinae
1527 586 1589 617 pro
1608 575 1752 607 dominis
1768 575 1942 606 Marchio-

106 630 204 662 nibus
218 631 253 662 in
269 630 484 672 M.cccxxxv]'
503 630 696 671 incipiendo
711 630 766 661 die
782 630 839 673 xiij
858 630 935 661 maii
949 629 981 662 ².'
1027 630 1126 661 Tunc
1144 630 1199 662 die
1218 629 1316 660 lunae
1332 629 1388 672 xiij
1407 629 1495 666 maii,
1513 639 1578 670 qua
1594 629 1768 670 praefatus
1785 628 1940 659 dominus

107 682 264 714 Marchio
287 682 454 714 Mutinam
477 683 623 719 intravit,
648 682 779 714 nobiles
796 683 839 715 de
856 682 1089 724 Rangonffius,
1107 683 1150 713 de
1174 681 1362 719 Boschetis‚
1381 682 1424 713 de
1449 681 1661 713 Guidonibus
1685 687 1718 712 et
1741 680 1874 712 nobiles
1898 680 1941 711 de

106 736 310 773 Mirandula,
334 736 377 767 de
401 735 556 767 Macreto
582 742 614 767 et
637 736 758 767 domus
782 736 825 767 de
850 735 962 767 Fredo
987 742 1020 767 et
1045 736 1151 767 eciam
1174 735 1383 766 Blanchinus
1400 735 1442 766 de
1468 734 1625 777 Gorcano
1643 734 1687 765 ad
1711 734 1835 765 dictam
1861 733 1941 764 civi-

107 795 175 820 tem
197 788 350 819 Mutinae
375 788 547 819 redierunt
565 794 598 819 et
614 795 693 819 tunc
712 788 767 820 die
785 789 882 820 lunae
899 788 988 830 xxvij
1007 788 1084 819 maii
1108 787 1241 819 nobiles
1257 787 1301 819 de
1319 787 1543 819 Grassonibus
1559 786 1712 818 Mutinae
1729 785 1904 817 redierunt
1916 784 1941 821 ³3

110 847 143 872 et
159 841 216 872 die
241 841 340 872 lunae
362 841 429 882 xvij
454 841 534 872 iunii
558 842 731 882 praefatus
755 841 892 873 illustris
917 847 950 872 et
974 841 1172 883 magnificus
1196 840 1353 872 dominus
1376 839 1486 882 Obieo
1511 851 1546 871 se
1576 850 1595 870 a
1618 839 1751 870 Mutina
1773 838 1942 880 separavit

108 899 141 925 et
163 893 226 925 ivit
249 893 433 924 Ferariam.
458 893 503 924 Et
526 899 604 925 tunc
628 900 747 936 gentes
772 894 982 926 Venetorum
1006 894 1140 925 iverunt
1170 893 1214 924 ad
1236 892 1378 924 Plebem
1407 892 1531 924 Sacchi
1556 898 1589 923 et
1613 892 1657 923 ad
1687 897 1801 932 partes
1832 891 1906 922 illas
1920 891 1943 929 ⁴,

107 947 202 977 locos
218 945 304 977 alios
319 945 469 987 undique
493 945 702 978 disrubando
716 945 765 963 *²³*
779 946 800 979 ⁵.

195 998 372 1038 [Dominus
385 998 547 1030 Nicolaus
561 999 603 1030 de
621 999 755 1031 Tabula
767 1000 811 1031 de
826 1000 965 1031 Feraria
974 1000 1126 1031 Potestas
1142 998 1295 1030 Mutinae
1309 998 1342 1029 in
1354 997 1581 1039 M.cccxxxvij
1600 998 1633 1028 in
1649 997 1764 1038 primis
1777 1007 1837 1028 sex
1849 1007 1944 1027 men-

197 1125 220 1149 3.
240 1119 268 1141 et
295 1118 390 1142 avanti
410 1126 427 1141 a
447 1118 594 1143 districtus
619 1127 684 1150 agg.
705 1120 791 1150 Mun„
813 1120 857 1144 Cr.
879 1133 909 1136 —
931 1118 955 1144 8.
974 1119 1072 1143 domus
1091 1119 1132 1148 A„
1158 1118 1245 1148 Mun„
1267 1119 1328 1147 Cra,
1347 1126 1389 1141 ma
1408 1117 1495 1142 dubito
1515 1116 1544 1141 di
1562 1124 1651 1141 errore
1670 1126 1683 1140 υ
1702 1117 1746 1140 che
1763 1115 1896 1147 nell’ort'g.
1922 1116 1945 1139 si

110 1163 229 1194 leggesse
242 1161 409 1192 domini‚ci‹)
423 1163 466 1187 che
480 1164 531 1193 poi
546 1163 651 1187 sarebbe
670 1164 696 1187 lo
715 1168 811 1188 stesso:
830 1164 879 1193 M„
898 1164 942 1188 che
960 1164 991 1187 ha
1009 1164 1035 1187 il
1052 1163 1191 1187 medesimo
1210 1163 1293 1187 elenco
1308 1162 1350 1186 dei
1362 1162 1452 1186 reduci
1470 1161 1496 1185 in
1513 1162 1616 1192 patria,
1642 1161 1687 1192 qui
1697 1162 1812 1185 soleanto
1824 1160 1849 1183 lo
1863 1159 1944 1183 modi-

103 1205 161 1238 fica
179 1213 194 1229 e
213 1206 239 1229 in
252 1206 330 1236 luogo
343 1206 374 1230 di
389 1206 487 1230 domus
507 1207 540 1231 de
559 1207 648 1231 Fredo
658 1211 727 1238 pone
746 1208 757 1231 i
774 1209 844 1232 nomi
860 1208 977 1232 Altinus
997 1209 1023 1232 et
1042 1208 1121 1238 Dego
1142 1206 1279 1238 [Dozus]?
1299 1207 1331 1230 de
1350 1206 1440 1230 Fredo
1461 1219 1492 1222 -
1512 1213 1538 1238 9.
1557 1204 1648 1236 xxvii]
1671 1210 1701 1235 17
1722 1205 1762 1234 A..
1782 1203 1869 1233 Mum,
1885 1204 1943 1231 Cr.;

108 1258 150 1274 ma
168 1250 194 1273 in
213 1249 301 1273 luned}
319 1250 398 1274 cadde
416 1251 441 1274 il
455 1258 490 1275 20
508 1252 617 1283 maggio
636 1253 697 1279 13³6
715 1260 728 1275 e
746 1253 768 1276 il
784 1258 813 1282 17
832 1259 878 1276 era
899 1251 1025 1280 venerdi,·
1042 1251 1092 1281 M.,
1113 1252 1157 1275 clze
1175 1250 1210 1274 dez
1230 1251 1258 1274 la
1277 1250 1342 1274 data
1367 1250 1412 1273 del
1434 1250 1537 1274 ritorno
1557 1249 1601 1274 dee·
1618 1249 1702 1273 nobili
1718 1249 1749 1272 di
1765 1248 1898 1276 samolo,
1919 1247 1948 1270 di

111 1292 204 1318 M‘colb
217 1293 248 1317 di
265 1293 351 1318 Fredo
372 1302 384 1317 e
403 1293 442 1317 de'
456 1294 539 1318 nobili
555 1295 585 1318 di
602 1295 768 1326 Savtg-nanoe
788 1302 837 1319 non
850 1296 934 1325 parla
952 1295 998 1318 del
1013 1295 1113 1319 rt'torno
1132 1294 1177 1318 dei
1195 1294 1330 1318 Grassoni.
1348 1294 1379 1318 Il
1395 1293 1550 1318 Tz'raboscki
1570 1292 1672 1322 (Mem.‚
1686 1291 1725 1322 ΙΙ,
1745 1291 1878 1322 267)dx'ce
1891 1294 1945 1314 tor-

110 1337 169 1362 nati
184 1338 197 1361 τ’
217 1337 349 1362 Grassom'
365 1339 390 1361 il
405 1344 447 1367 27,
467 1339 510 1362 che
520 1339 559 1370 fu
578 1343 728 1363 veramente
753 1347 785 1362 un
811 1339 900 1363 lunedi
919 1352 951 1356 —
974 1345 1014 1362 10.
1040 1339 1120 1363 lunae
1143 1343 1206 1368 wa
1225 1336 1309 1368 iunH]
1333 1337 1416 1361 lunae
1436 1343 1448 1359 2
1455 1343 1467 1367 5
1488 1336 1555 1360 maii
1574 1337 1617 1366 A.‚
1638 1336 1722 1363 Mum,
1744 1336 1807 1364 Cr.,·
1824 1343 1867 1359 ma
1885 1341 1945 1365 que-

111 1386 153 1406 sta
171 1382 286 1406 secontia
303 1381 368 1406 data
388 1383 401 1405 ἓ
420 1383 647 1414 manifestamente
665 1386 766 1412 errata,
780 1384 877 1414 perch&
895 1384 919 1406 il
935 1390 968 1411 25
987 1383 1097 1414 maggio
1125 1389 1173 1406 era
1193 1381 1303 1410 sabatm·
1321 1382 1346 1405 il
1361 1382 1402 1405 M.
1421 1381 1454 1405 ha
1483 1380 1527 1404 die
1552 1387 1615 1411 xvlJ
1645 1380 1716 1404 lunii
1736 1388 1748 1403 e
1764 1379 1856 1410 poiche
1874 1379 1899 1402 il
1913 1384 1946 1407 17

106 1424 212 1455 „3²⁴⁰ng
230 1424 292 1451 1556
302 1424 340 1456 su
359 1423 455 1454 lunai),
474 1427 564 1455 questa
582 1426 686 1454 letiam,
706 1427 750 1450 che
768 1426 843 1450 visne
853 1425 979 1457 formata
997 1424 1132 1456 togliendo
1151 1424 1196 1448 die
1214 1424 1277 1448 lune
1297 1423 1333 1447 da
1351 1423 1384 1447 A.
1404 1431 1418 1446 e
1431 1429 1493 1454 xxij
1508 1423 1582 1447 iunii
1596 1423 1631 1446 da
1643 1422 1693 1446 M..
1703 1421 1827 1452 potrebbe
1839 1428 1907 1444 esser
1919 1421 1947 1443 la

110 1475 176 1492 vera
196 1480 206 1485 -
224 1466 432 1492 illustrissimus
455 1468 541 1497 MUR.,
563 1469 615 1498 Cn,
635 1469 675 1492 Μ.
696 1482 728 1486 -
751 1476 792 1493 11.
812 1468 894 1493 Sacci
914 1468 1000 1498 Mun„
1023 1468 1067 1492 Cr.
1087 1481 1119 1486 —
1142 1473 1181 1491 12.
1201 1468 1265 1491 loco
1285 1467 1339 1491 ullo
1359 1467 1481 1497 undique
1500 1467 1542 1496 A„
1563 1468 1625 1496 Cr.3
1644 1466 1706 1490 loca
1724 1464 1847 1495 undique
1868 1464 1946 1487 Mun.

111 1522 143 1528 —
166 1517 204 1542 13.
224 1511 363 1535 Dominus
382 1511 578 1536 Nicolaum...
599 1512 752 1544 mensibus]
773 1511 959 1536 l'indicazione
977 1512 1022 1535 del
1032 1511 1146 1542 podest&
1164 1518 1213 1535 non
1233 1511 1246 1533 ὲ
1266 1511 1292 1533 in
1311 1511 1353 1540 A„
1374 1510 1460 1540 Mun„
1476 1511 1539 1540 Cr.,·
1558 1519 1601 1534 ma
1615 1513 1667 1540 per
1686 1510 1823 1533 chiarezza
1836 1508 1873 1531 mi
1878 1511 1947 1537 pare

59 1565 61 1567 ·
111 1557 255 1586 opportuno
278 1556 464 1586 aggiungerla
483 1557 582 1580 usamlo
601 1558 626 1579 le
639 1558 738 1588 parole
756 1556 787 1580 dt·
803 1557 853 1584 ΝΛ,
871 1557 896 1581 il
912 1558 989 1587 quale
1002 1556 1052 1586 poi
1068 1556 1205 1580 conunua:
1225 1556 1252 1579 et
1271 1554 1400 1579 dominus
1421 1554 1585 1578 Albertinus
1600 1553 1632 1578 de
1647 1553 1758 1578 Canosa
1778 1552 1947 1580 vicecomes,

110 1606 188 1623 senza
206 1600 380 1631 aggiungere
394 1601 464 1624 altro
483 1600 560 1631 degli
578 1601 760 1625 avvem'menti
777 1601 808 1624 di
823 1604 911 1632 questo
930 1601 1016 1631 primo
1035 1603 1155 1624 semestre
1175 1600 1219 1622 del
1236 1606 1297 1630 1³³7

53 1778 80 1802 15

51 1984 83 2001 20

51 2190 80 2214 ²5

51 2401 83 2425 30

53 2825 87 2848 40

2016 642 2035 657 c.
2050 636 2100 659 ,5⁶1

109 1687 202 1710 madre
221 1688 403 1718 raggiunsero
424 1689 471 1718 poi
493 1695 507 1711 a
527 1689 650 1712 Venezia
666 1689 672 1711 i
688 1689 746 1720 figli
762 1688 808 1719 (cf.
827 1689 996 1719 Chr.parm..

109 1730 176 1753 edizl
195 1729 327 1756 Bonazzi,
342 1737 367 1761 p.
389 1737 446 1762 254,
466 1730 549 1760 6-12).

196 1769 204 1785 ¹
223 1770 263 1795 La
283 1771 491 1795 deliberazione
505 1771 549 1795 del
567 1778 595 1803 13
611 1774 724 1804 maggio
739 1773 806 1796 deve
820 1779 909 1796 essere
923 1773 997 1796 stata

109 1814 136 1837 di
157 1815 355 1844 assoggettare,
376 1815 403 1836 in
425 1815 563 1841 massima,
583 1814 609 1837 la
630 1813 698 1838 cittii
718 1822 732 1837 e
747 1815 766 1837 il
787 1815 920 1838 dlstretto
940 1814 996 1846 agli

109 1854 228 1882 Estensi,
248 1862 299 1878 con
320 1854 347 1878 la
368 1856 482 1878 nomina
498 1855 525 1878 di
540 1856 634 1879 dodici
649 1856 769 1886 sapienti
787 1856 835 1879 che
849 1856 997 1880 dovettero

111 1896 284 1920 formularne
309 1896 391 1920 l'atto
418 1896 534 1920 solenne
554 1897 589 1920 da
617 1898 770 1921 introdursi
803 1897 879 1930 negli
898 1898 998 1922 statuti

111 1938 252 1962 modenesi
266 1947 270 1962 z
287 1939 294 1961 i
309 1938 386 1968 quali
412 1940 533 1969 sapienti
559 1941 678 1963 tenuero
700 1948 713 1963 a
728 1941 826 1971 questo
840 1939 893 1963 fine
913 1940 999 1963 molte

111 1981 236 2004 riunioni
258 1982 302 2003 nei
325 1982 390 2004 mesi
412 1981 439 2004 di
461 1981 561 2012 luglio,
582 1984 681 2012 agosto
701 1990 714 2004 e
734 1983 889 2010 settembre,
910 1990 923 2006 e
938 1990 1000 2005 con-

113 2029 233 2046 vennero
252 2022 413 2046 finalmente
433 2023 508 2046 nella
523 2023 670 2047 redazione
683 2023 821 2051 dell’atto,
836 2023 999 2056 pubblicato

112 2065 140 2087 in
160 2064 246 2092 Mure,
267 2065 327 2088 Ant.
343 2065 410 2091 Est.,
424 2064 457 2091 ΙΙ,
472 2064 561 2096 96-98,
577 2065 619 2089 col
634 2066 716 2097 quale
732 2067 760 2089 fu
774 2068 885 2090 sancito
901 2066 913 2078 “
926 2066 999 2097 quod

113 2106 276 2138 “magnifici
297 2108 323 2130 et
346 2107 469 2130 illustres
489 2108 596 2131 domini
618 2108 728 2132 domini
748 2108 856 2132 Obizzo
876 2111 903 2132 et
916 2108 1000 2131 Nico-

113 2148 197 2171 “laus
217 2148 318 2172 fratres
344 2151 370 2172 et
390 2156 484 2172 eorum
505 2150 626 2179 heredes,
647 2150 700 2173 Dei
720 2151 810 2181 gratia
826 2151 954 2174 Estenses
974 2153 1000 2173 et

111 2191 124 2204 ‘¹
135 2190 330 2214 Anchonitani
346 2191 530 2219 Marchiones,
542 2194 568 2215 et
579 2192 699 2222 quilibet
712 2199 808 2216 eorum
821 2194 849 2216 in
870 2192 1000 2219 solidum„

114 2232 126 2244 “
138 2233 195 2255 sint
214 2234 241 2256 et
255 2240 313 2256 esse
327 2232 445 2257 debeant
459 2235 586 2265 perpetui
602 2236 629 2257 et
647 2234 791 2265 generales
805 2233 913 2257 domini
935 2235 1002 2257 civi-

114 2274 125 2286 “
135 2275 211 2300 tatis,
222 2274 378 2301 districtus,
390 2276 527 2298 territorii
540 2278 567 2299 et
579 2275 666 2298 totius
677 2276 854 2307 episcopatus
866 2275 1001 2305 Mutine„.

197 2313 208 2330 ²
227 2316 248 2339 Il
275 2318 378 2348 giorno
405 2319 501 2345 stesso,
532 2324 558 2347 13
587 2319 706 2348 maggio,
728 2319 755 2340 in
777 2319 820 2340 cui
841 2317 944 2341 Obizzo
964 2317 1002 2340 111

111 2358 209 2382 d'Este
230 2366 318 2382 venne
338 2367 352 2382 a
372 2360 506 2390 prendere
526 2367 653 2390 possesso
673 2360 700 2383 di
730 2359 859 2385 Modena,
887 2367 919 2383 ne
945 2360 1002 2383 fece

111 2399 224 2431 podesta
246 2400 364 2424 Met-016
384 2401 457 2425 della
477 2401 586 2425 Tavola
608 2402 746 2427 serrarese,
766 2402 879 2425 dottore
897 2408 912 2425 e
926 2409 1002 2425 cava—

112 2442 177 2465 liere
197 2442 245 2465 che
265 2450 310 2466 era
325 2445 398 2466 stato
419 2446 545 2474 presente
559 2443 668 2467 all'atto
690 2450 829 2470 veronese.
844 2441 890 2475 gia
904 2445 1002 2471 citato,

111 2485 155 2508 del
170 2491 198 2517 17
211 2484 299 2516 aprile
312 2484 349 2517 (pt
373 2492 429 2516 114,
451 2490 517 2509 nota
537 2486 573 2517 4),
587 2494 601 2509 e
621 2486 645 2509 al
667 2487 823 2509 successivo
837 2487 898 2509 atto
920 2486 999 2509 ferra-

112 2533 169 2550 rese
183 2527 226 2550 del
250 2533 280 2550 10
293 2528 413 2558 maggio.
450 2527 490 2551 La
502 2535 550 2551 sua
561 2528 722 2559 podesteria
739 2535 787 2558 per
801 2529 875 2551 tutto
892 2528 911 2550 il
928 2531 1002 2551 resto

112 2567 155 2591 del
173 2566 261 2599 1336e
273 2569 468 2592 documentata
480 2569 556 2600 dagli
569 2570 623 2593 atti
637 2569 763 2600 pubblici
777 2568 877 2600 (Mem,
891 2577 913 2593 a,
930 2568 1003 2600 1336,

113 2609 131 2637 Ι,
153 2617 198 2633 nn.
226 2616 267 2640 22,
288 2616 345 2641 223,
367 2616 424 2641 527,
445 2610 512 2642 673:
536 2610 667 2635 “nobilis
688 2611 768 2634 miles
787 2611 943 2635 Nicholaus
969 2611 1003 2634 de

115 2651 128 2664 ‘¹
139 2651 246 2676 Tabula
266 2652 299 2676 de
313 2651 440 2676 Ferraria
454 2652 556 2676 doctor
571 2653 663 2683 legum
675 2652 711 2684 „).
750 2652 784 2675 Vi
801 2653 903 2676 surono
918 2653 1003 2676 anche

113 2693 438 2724 contemporaneamente
457 2700 494 2716 un
511 2693 686 2716 “vicecomes
700 2711 722 2722 η,
737 2692 888 2716 Albertino
903 2694 937 2716 da
952 2692 1003 2716 Ca-

115 2741 196 2757 nossa
217 2732 318 2764 (stlena,
338 2741 361 2758 a.
386 2734 459 2766 1336,
478 2734 498 2763 Ι,
528 2743 553 2758 n.
577 2734 644 2766 123),
671 2743 684 2757 e
714 2742 750 2758 uu
782 2735 794 2746 “
806 2735 969 2766 capitaneus
980 2751 1003 2765 η,

114 2775 237 2799 Tebaldo
258 2775 406 2804 Costabili‚
429 2777 555 2800 serr-aresi
578 2775 641 2807 (ivi,
662 2784 686 2799 n.
703 2775 772 2807 673).
811 2775 865 2802 Col
880 2783 962 2800 nome
973 2777 1002 2800 di

114 2818 211 2848 questo
224 2816 340 2849 podesta
360 2818 390 2842 E.
404 2818 433 2842 P.
448 2819 553 2849 Vicini,
569 2818 778 2843 Conservatore
792 2817 1002 2842 dell’Archivio

116 2859 238 2883 notarile
257 2860 286 2883 di
305 2859 437 2889 Modena‚
456 2860 542 2884 inizia
561 2861 588 2884 la
608 2861 690 2884 Parte
708 2859 734 2883 II
755 2860 828 2883 della
848 2867 897 2884 sua
911 2867 1006 2892 prege-

116 2901 179 2924 vole
196 2901 369 2932 Monografia
381 2900 519 2925 IPodesta'
533 2903 563 2925 dt
574 2902 693 2925 Medma.
731 2901 807 2925 Serie
821 2902 1005 2934 cronologica

118 2941 266 2975 1336—1796
293 2945 321 2966 in
348 2943 428 2966 Atti
455 2952 469 2967 e
488 2943 588 2967 Mem.
609 2944 641 2967 d.
663 2952 688 2967 r.
708 2944 831 2975 deput.
851 2945 876 2967 d.
896 2943 949 2968 St.
971 2944 1005 2967 P.

117 2992 178 3016 per
191 2985 198 3008 l
209 2993 224 3009 e
236 2992 332 3016 prov.
346 2985 474 3009 Moden
485 2988 538 3016 esi,
552 2985 628 3010 Serie
642 2986 673 3016 V,
689 2985 752 3010 Vol.
766 2986 850 3015 x-XI,
867 2992 931 3018 1917
943 2998 954 3004 -
966 2985 1003 3010 18.

1052 1688 1090 1710 La
1111 1689 1199 1710 morte
1219 1694 1276 1710 non
1297 1687 1416 1718 permise
1437 1687 1462 1711 al
1483 1685 1582 1710 Casini
1598 1685 1627 1708 di
1643 1684 1793 1711 vasti-sene,
1809 1690 1885 1706 come
1900 1682 1941 1705 ln-
1987 1682 2018 1707 45

1052 1737 1116 1754 vece
1135 1730 1171 1754 ha
1189 1732 1291 1762 potuto
1311 1730 1437 1761 giovarsi
1457 1729 1532 1753 della
1551 1731 1632 1761 parte
1651 1728 1661 1751 I
1677 1727 1764 1758 (Serie
1787 1724 1943 1757 1156-1336)

1051 1772 1215 1805 pubblicata
1241 1772 1285 1795 nel
1306 1771 1486 1795 Giornale
1506 1771 1685 1794 Araldico
1705 1766 1942 1793 Storico-Ge-

1054 1822 1069 1837 n
1079 1815 1248 1844 ealogico
1263 1813 1375 1844 (Roma,
1392 1813 1470 1846 1913)
1483 1819 1530 1844 per
1545 1812 1718 1836 controllare
1732 1811 1757 1834 le
1775 1810 1881 1834 notizie
1895 1809 1944 1833 che

1053 1858 1170 1880 intorno
1189 1856 1217 1880 ai
1236 1854 1354 1888 podesta
1374 1856 1431 1888 egli
1444 1863 1533 1880 aveva
1546 1853 1595 1887 gif}¹
1608 1854 1807 1878 direttamente
1821 1853 1944 1876 raccolte

1054 1898 1128 1923 dalle
1146 1900 1220 1922 carte
1239 1898 1390 1922 archiviali
1411 1898 1569 1921 modenesi:
1590 1898 1633 1920 del
1655 1898 1737 1926 resto,
1758 1896 1779 1919 il
1801 1895 1872 1919 dott.
1898 1894 1943 1918 Vi·
1974 1892 2007 1918 50

1053 1941 1111 1964 cini
1133 1942 1163 1964 fu
1183 1948 1290 1972 sempre
1310 1940 1389 1972 largo
1409 1940 1437 1963 di
1459 1940 1539 1963 aiuto
1559 1946 1573 1962 e
1599 1939 1628 1963 di
1657 1938 1888 1962 collaborazione
1919 1937 1943 1960 al

1054 1982 1153 2006 Casini
1174 1983 1246 2006 nelle
1268 1983 1396 2014 indagini
1418 1989 1432 2005 e
1456 1982 1502 2005 nei
1521 1980 1658 2004 controlli
1680 1980 1708 2003 di
1737 1980 1782 2003 cui
1802 1979 1858 2010 egli
1878 1979 1945 2001 ebbe

1054 2025 1177 2055 bisogno
1197 2031 1245 2056 per
1264 2025 1361 2055 questa
1380 2026 1460 2055 parte
1474 2024 1518 2047 del
1539 2023 1655 2055 proprio
1676 2022 1783 2049 lavoro,
1797 2028 1875 2045 come
1889 2020 1916 2043 1ο
1930 2019 1944 2042 ὲ

1053 2074 1102 2090 ora
1117 2073 1170 2090 con
1181 2067 1230 2090 noi
1244 2067 1274 2090 in
1288 2068 1387 2096 questo
1402 2065 1630 2089 riordinamento
1642 2064 1714 2088 delle
1725 2065 1805 2096 parte
1816 2064 1945 2094 postuma

1055 2107 1098 2133 del
1119 2110 1277 2132 commento
1291 2108 1335 2131 del
1357 2107 1456 2131 Casini
1471 2107 1526 2131 alla
1541 2114 1659 2130 cronaca
1679 2106 1706 2129 di
1729 2104 1813 2129 Giov.
1835 2105 1869 2128 da
1883 2104 1948 2128 Baz-
1978 2104 2007 2130 55

1055 2157 1137 2173 zano:
1158 2149 1202 2173 del
1222 2150 1272 2173 che
1297 2149 1337 2181 gli
1358 2149 1550 2181 esprimiamo,
1571 2148 1659 2171 anche
1689 2154 1737 2179 per
1761 2148 1787 2171 la
1815 2146 1946 2170 memoria

1055 2192 1098 2215 del
1125 2193 1221 2215 nostro
1240 2191 1342 2220 amico,
1361 2190 1388 2214 Ia
1407 2191 1550 2222 inaggiore
1569 2190 1754 2220 gratitudine.

1144 2234 1154 2250 3
1170 2232 1251 2257 Circa
1272 2233 1297 2256 le
1317 2234 1379 2256 date
1399 2233 1442 2256 del
1464 2233 1574 2256 ritorno
1596 2233 1623 2255 in
1644 2232 1763 2255 Modena
1785 2232 1828 2254 dei
1857 2230 1946 2253 nobili

1057 2276 1122 2299 stati
1145 2276 1172 2298 in
1192 2275 1275 2298 esilio
1297 2282 1365 2298 sono
1381 2275 1502 2298 discordi
1519 2274 1543 2297 le
1559 2274 1648 2301 sonti:
1665 2274 1690 2297 la
1705 2274 1878 2296 successione
1893 2280 1949 2295 cro·

1057 2318 1187 2349 nologica
1208 2317 1281 2348 degli
1303 2317 1492 2341 avvenimenti
1514 2316 1549 2339 ha
1569 2316 1740 2346 consigliato
1767 2316 1793 2338 di
1823 2315 1948 2338 adottare
1976 2309 2011 2334 60

1057 2367 1111 2383 una
1131 2360 1195 2383 data
1217 2360 1355 2382 anteriore
1377 2366 1391 2381 a
1411 2359 1503 2389 quella
1524 2358 1597 2381 della
1617 2359 1750 2388 partenza
1771 2357 1797 2380 di
1825 2356 1948 2380 Obizzo:

1058 2409 1100 2425 ma
1119 2400 1133 2425 ὲ
1153 2402 1187 2425 da
1203 2403 1298 2424 notare
1313 2401 1361 2424 che
1378 2401 1396 2423 il
1413 2401 1533 2424 Morano
1549 2400 1576 2423 fa
1590 2403 1702 2423 tornare
1719 2401 1725 2422 i
1742 2399 1831 2423 nobili
1847 2399 1876 2422 di
1890 2398 1949 2421 Sas-

1058 2444 1137 2467 suolo
1158 2444 1202 2466 nel
1223 2441 1251 2466 dl
1266 2443 1293 2466 di
1309 2443 1481 2471 Pentecoste,
1502 2442 1550 2465 che
1566 2442 1595 2465 fu
1612 2442 1631 2464 il
1650 2448 1680 2473 19
1695 2442 1814 2472 maggio,
1829 2439 1946 2463 Niccolo

1057 2487 1091 2510 da
1111 2486 1199 2509 Fredo
1221 2486 1240 2508 il
1263 2492 1291 2508 21
1315 2486 1426 2515 maggio
1445 2493 1458 2507 e
1484 2485 1490 2507 i
1513 2484 1602 2507 nobili
1624 2484 1657 2507 da
1678 2484 1839 2514 Savignano
1860 2483 1879 2506 il
1907 2489 1948 2510 22,

1057 2528 1174 2551 tacendo
1195 2527 1290 2551 affatto
1310 2528 1352 2550 dei
1374 2526 1524 2550 Grassoni:
1547 2527 1565 2549 il
1587 2525 1751 2549 Tiraboschi
1767 2526 1827 2549 dice
1842 2526 1947 2548 tornati

1058 2571 1147 2601 questi
1168 2569 1261 2593 ultimi
1284 2569 1303 2591 il
1324 2574 1365 2599 27.

1146 2611 1157 2626 4
1176 2611 1214 2634 Di
1235 2613 1329 2641 questa
1351 2611 1511 2641 spedizione
1531 2610 1577 2633 dei
1596 2610 1747 2633 Veneziani
1776 2609 1817 2632 nel
1840 2610 1950 2632 territo-

1059 2655 1101 2677 rio
1122 2654 1152 2677 di
1165 2652 1254 2676 Piove
1274 2653 1300 2676 di
1322 2652 1415 2679 Sacco,
1436 2652 1514 2675 nulla
1534 2654 1557 2675 si
1578 2651 1639 2675 dice
1660 2653 1687 2674 in
1708 2651 1834 2677 P1NTON,
1857 2651 1951 2674 Codice

1058 2696 1226 2726 diplomatico
1245 2703 1373 2724 saccmsc,
1393 2694 1490 2718 Roma.
1514 2693 1586 2724 1894.

1146 2734 1157 2751 ⁵
1179 2736 1203 2759 A
1223 2738 1320 2767 questo
1341 2738 1430 2767 punto
1449 2734 1464 2759 'e
1489 2736 1642 2759 manifesto
1669 2736 1718 2759 che
1744 2736 1809 2759 cade
1835 2742 1888 2758 una
1916 2735 1951 2758 la-
1980 2738 2012 2763 ’,Ὃ

1059 2786 1131 2803 cuna
1150 2778 1384 2809 corrispondente
1403 2778 1428 2801 al
1450 2778 1570 2801 secondo
1590 2779 1720 2801 semestre
1740 2777 1784 2801 del
1808 2775 1881 2807 1336,
1905 2776 1948 2799 nel

1057 2821 1139 2851 quale
1159 2819 1296 2844 continue>
1318 2827 1332 2843 a
1352 2826 1439 2843 essere
1459 2817 1576 2850 podest&
1595 2817 1715 2842 Niccolo
1737 2818 1813 2842 dalla
1840 2818 1947 2841 Tavola

1059 2861 1105 2894 (ct.
1126 2861 1185 2885 doc.
1207 2868 1241 2893 30
1260 2861 1313 2885 dic.
1338 2860 1403 2892 1336
1423 2861 1453 2884 in
1474 2860 1505 2884 R.
1526 2860 1602 2884 BmL.
1622 2860 1697 2889 Es‘r„
1713 2861 1795 2885 Carte
1812 2860 1948 2889 Campam,

1060 2911 1109 2927 ms.
1132 2902 1193 2934 146;
1209 2903 1320 2929 mer,
1338 2906 1378 2933 op.
1397 2903 1450 2929 cit..
1465 2902 1497 2930 ΙΙ,
1512 2901 1553 2934 7);
1574 2902 1660 2926 anche
1675 2902 1699 2925 le
1714 2902 1784 2925 altre
1797 2899 1871 2925 fonti
1894 2903 1949 2925 sto-

1061 2945 1135 2968 riche
1156 2944 1234 2968 nulla
1249 2945 1352 2967 dicono
1372 2944 1401 2968 di
1423 2944 1541 2967 Modena
1555 2951 1603 2974 per
1623 2945 1722 2967 cotesti
1740 2945 1777 2967 sei
1794 2944 1873 2971 mesi,
1888 2949 1951 2974 nep·
1981 2948 2011 2972 75

1062 2993 1129 3018 pure
1149 2986 1169 3009 il
1189 2992 1271 3010 nome
1291 2986 1334 3011 del
1355 2986 1483 3019 predetto
1504 2984 1628 3018 podestir.

1977 2522 2009 2551 05
