2370 3603
101 229 152 262 [A.
173 230 267 262 1334]

718 217 970 254 IOHANNIS
999 216 1070 251 DE
1096 214 1315 250 BAZANO

186 343 349 374 Dominus
372 342 522 373 Matteus
546 341 588 372 de
614 340 829 382 Franguellis
853 339 895 371 de
924 338 1070 370 Civitate
1098 334 1259 369 Castelli¹
1286 333 1437 365 Potestas
1460 332 1615 364 Mutinae
1640 331 1674 361 in
1699 328 1929 370 M.cccxxxiiij

103 395 138 426 in
162 395 288 426 ultimis
311 405 370 426 sex
393 393 564 426 mensibus
574 391 624 409 *³⁸*
639 392 661 424 ².

186 447 286 478 Tunc
303 447 360 478 die
384 447 518 478 veneris
542 446 590 488 iiij
620 445 738 476 marcii
766 444 1027 487 [M.cccxxxiiij]
1047 444 1163 475 Simon
1189 441 1246 482 [et]
1272 441 1442 472 Iohannes
1458 438 1501 470 de
1526 436 1703 469 Boschetis
1726 441 1759 467 et
1782 435 1841 465 filii
1856 433 1938 465 dicti

195 564 246 581 1—2.
259 558 398 581 Dominus
412 556 524 580 Maffeus
533 573 538 580 .
547 574 552 580 .
561 573 566 578 .

104 605 170 633 cupa
182 602 209 624 le
216 605 305 633 pagg.
321 608 380 630 201,
394 601 412 624 l.
426 601 522 630 27-206
535 601 552 624 l.
566 606 596 624 12
610 599 673 630 [Sed
688 599 779 630 primo
794 599 939 623 intrinseci
948 615 955 623 .
966 616 971 622 .
981 616 986 621 .
996 615 1001 622 .

576 574 582 580 .
600 563 647 580 sex
666 554 818 585 mensibus]
833 557 860 578 Ιιι
874 557 968 579 lacuna
978 554 1131 585 precedente
1143 551 1313 582 corrisponde
1327 552 1358 574 al
1367 550 1448 574 brana
1461 549 1504 572 alte
1517 548 1647 572 nelt’edlz.
1661 547 1794 571 modenese
1807 545 1837 568 di
1851 545 1887 568 M.
1901 551 1942 568 oc·

1021 599 1048 621 in
1070 597 1167 630 primis
1185 604 1230 621 sex
1246 594 1401 626 mensibus]
1417 593 1492 624 (vadi
1503 595 1565 617 nola
1579 600 1595 615 2
1610 600 1621 615 e
1635 591 1706 614 della
1714 594 1743 621 p.
1758 588 1819 620 110)
1832 597 1845 612 e
1858 596 1940 612 narra

100 645 192 676 prima
212 645 260 676 gli
281 645 459 668 avvem'metm'
484 644 556 668 della
574 643 634 674 fine
660 643 706 667 del
729 643 835 667 secondo
861 646 982 666 semestre
1005 642 1049 665 del
1070 649 1144 671 1³32,
1167 641 1226 671 poi,
1252 639 1323 664 detto
1349 640 1393 662 che
1414 638 1517 669 Egidio
1536 637 1567 659 de
1592 636 1704 666 Belayre
1724 633 1761 666 fn
1777 632 1889 664 podest&
1914 632 1944 654 di

105 688 217 712 Modum
236 690 281 711 nel
296 696 360 716 1333
375 692 425 718 per
438 691 505 711 tutto
524 688 623 716 l'anno,
637 688 686 719 gli
703 687 884 712 avvem'menti
900 686 929 709 di
947 689 1036 717 questo
1056 692 1131 709 anno.
1168 685 1245 716 Dopo
1265 684 1275 706 ι’
1292 683 1366 714 quali
1377 683 1417 706 M.
1437 681 1568 705 annuncia
1592 681 1636 704 che
1658 678 1757 710 Egidio
1776 677 1814 709 fu
1828 675 1942 707 podest«)

60 738 73 763 5
101 736 155 764 per
173 733 197 756 il
208 734 297 762 primo
315 735 435 756 semestre
453 732 583 762 ‹ie-[13³4
601 731 846 755 econtrariamente
860 731 918 754 alla
931 730 1113 754 consuetudine
1126 737 1174 752 sua
1195 728 1224 751 di
1237 729 1292 760 sar
1310 728 1416 758 seguire
1439 725 1616 750 all’annuncio
1634 724 1680 746 del
1691 723 1801 747 titolare
1813 720 1885 744 della
1892 723 1942 749 po-

104 776 219 800 destcria
237 777 284 800 dcl
297 780 420 801 semestre
435 776 484 807 gli
500 776 682 799 avvenimenti
699 776 743 798 del
759 777 881 798 semestre
899 777 990 802 stesso,
1016 773 1145 797 annuncia
1171 773 1262 796 invece
1283 771 1366 794 subito
1386 771 1466 794 anche
1484 770 1625 793 Dominus
1645 767 1782 799 Mapheus
1801 764 1834 788 de
1854 763 1875 787 F
1878 770 1941 787 ran-

103 819 203 851 gueuis
223 820 256 844 de
275 820 389 843 civitate
410 818 529 844 Castelli
547 820 675 843 Potestas
694 819 802 842 Mutine
816 820 846 842 in
862 817 1038 849 Mcccxxxiiij
1053 817 1080 841 in
1096 817 1199 841 ultimo
1223 816 1353 840 semestri
1367 823 1380 837 e
1393 815 1508 838 soltanto
1523 814 1610 836 allora
1629 811 1758 835 conn'ncia
1779 810 1803 833 il
1819 810 1941 833 racemata

104 863 180 894 degli
197 859 377 886 avzvenim'enti
400 862 567 886 dell’intiero
587 870 653 886 anno
674 869 747 891 13³4.
784 863 841 885 Asel
856 861 912 885 cod.
932 861 955 884 A
975 861 988 883 ὸ
1008 861 1118 884 rz'maslo
1144 859 1264 890 (sebbette,
1289 867 1358 883 come
1375 861 1401 882 si
1417 856 1430 881 ὲ
1448 858 1529 886 visto,
1544 856 1613 889 faor
1637 856 1668 880 di
1680 852 1769 885 posto)
1795 851 1942 876 l‘annuncio

104 907 177 931 della
193 907 344 938 pedesteria
364 907 409 930 dcl
427 907 596 938 Franguelli,
615 907 716 938 seguito
729 907 821 936 prima
841 906 875 929 da
889 906 980 928 alcune
1001 904 1095 928 notizie
1113 904 1157 928 clm
1175 905 1199 927 εἰ
1216 904 1372 934 riferiscono
1391 903 1448 926 alla
1462 901 1617 932 poda-steria
1636 899 1666 923 di
1679 898 1783 929 Egidio
1803 896 1849 919 del
1856 895 1945 925 primo

44 955 75 973 10
105 951 226 973 semestre
244 948 290 971 {tel
304 955 380 979 1334,
397 949 445 978 poi
463 948 498 972 da
526 949 597 972 altre
616 948 661 971 del
678 951 762 978 tempo
783 948 827 971 dcl
843 946 948 970 secondo
973 949 1107 975 semestre,
1131 946 1157 968 in
1176 945 1219 969 cui
1231 946 1280 976 gli
1299 944 1445 968 succedette
1466 940 1668 975 comefPudestiz
1689 941 1711 964 il
1728 937 1893 969 Franguelll
1910 948 1942 952 -

108 997 132 1014 2.
152 990 291 1013 mensibus
310 991 337 1013 la
357 991 450 1014 lacuna
464 991 506 1015 clte
523 998 602 1021 segue
620 999 636 1014 (ι
658 990 796 1013 mensibus
809 988 979 1018 corrisponde
991 987 1023 1010 al
1033 990 1115 1018 passo
1129 987 1157 1010 di
1167 986 1206 1011 M.
1219 990 1347 1016 comprcso
1353 986 1408 1017 fra
1422 986 1445 1008 le
1459 986 1489 1010 ll.
1500 984 1577 1016 16-59
1590 983 1662 1006 della
1670 986 1740 1013 pag.
1754 980 1803 1004 206
1815 977 1943 1002 dell‘ediz.

107 1031 173 1054 mod.
181 1039 189 1054 :
206 1030 321 1062 [Eodem
335 1038 409 1055 anno
418 1049 424 1055 .
434 1049 440 1055 .
450 1049 455 1055 .
465 1048 470 1054 .

491 1031 618 1055 civitatis
632 1030 751 1061 Mutine]
766 1030 840 1062 (verli
851 1032 913 1054 nota
924 1029 951 1059 2)
967 1041 998 1045 —
1013 1035 1038 1059 3.
1057 1027 1166 1051 veneris
1186 1036 1202 1058 4
1222 1027 1316 1051 martii
1329 1027 1378 1056 A.3
1400 1027 1495 1051 martii
1517 1033 1548 1055 14
1568 1024 1676 1048 veneris
1695 1023 1774 1047 Mun.
1794 1029 1806 1044 e
1827 1021 1880 1046 Cr..
1901 1019 1943 1042 σὴν

106 1073 251 1096 scambz'ano
260 1072 295 1096 l's
306 1073 336 1096 di
344 1073 453 1097 veneris
460 1076 513 1103 per
524 1081 557 1096 un
571 1078 599 1102 73
615 1073 726 1096 veneris
735 1078 810 1096 xxux
811 1079 822 1102 J
836 1071 929 1094 martii
940 1071 993 1098 M.;
1006 1078 1048 1093 ma
1061 1067 1093 1093 n&
1105 1070 1130 1093 il
1141 1077 1172 1099 14
1186 1067 1217 1092 nl·
1230 1070 1252 1092 il
1263 1075 1296 1098 24
1310 1076 1398 1092 marzo
1411 1075 1476 1098 1³54
1489 1067 1601 1092 caddero
1615 1067 1641 1090 in
1656 1062 1781 1092 veneni),-
1793 1061 1900 1086 sebbene
1907 1059 1944 1092 su

108 1114 215 1138 venerdi
227 1115 279 1145 il4
293 1127 303 1132 -
323 1113 500 1146 Mcccxxxiiij
522 1115 649 1146 aggiunto
669 1114 705 1138 dn
724 1121 763 1137 me
778 1118 828 1143 per
848 1113 992 1144 nzaggiore
1009 1112 1148 1135 chiarena
1168 1124 1178 1128 -

51 1204 79 1229 15
107 1194 120 1207 ‘¹
133 1195 202 1227 xviij
223 1195 348 1218 Ianuarii
366 1196 474 1218 cridata
495 1195 550 1218 fuit
570 1202 625 1227 pax
645 1194 793 1218 Nobilium
813 1193 846 1216 de
859 1192 1000 1219 Macreto,

110 1234 123 1247 ‘¹
132 1238 179 1267 qui
190 1238 257 1260 tune
266 1237 409 1260 redierunt
420 1237 454 1260 ad
465 1237 596 1260 mandata
607 1235 692 1268 Regis
701 1238 729 1259 et
741 1234 880 1259 Comunis
892 1233 1002 1257 Mutine

111 1278 124 1291 ‘¹
135 1280 163 1302 et
175 1278 352 1302 tradiderunt
365 1280 456 1302 castra
470 1279 586 1302 Maereti
601 1280 628 1301 et
642 1277 793 1301 Dinazani.
806 1284 857 1308 que
868 1276 1000 1300 tenebant

110 1319 123 1332 ‘⁴
135 1322 165 1344 in
183 1320 314 1344 custodia
329 1320 466 1344 Comunis
481 1320 598 1344 Mutine.
635 1321 689 1343 DIe
703 1319 782 1343 Lune
797 1319 848 1351 viij
865 1319 998 1342 februarii

112 1362 124 1374 ‘⁴
137 1362 282 1386 Battucius
295 1362 328 1385 de
343 1362 544 1386 Branchalibus
564 1365 590 1386 et
604 1362 678 1385 filius
690 1361 869 1385 condemnati
889 1361 1003 1384 suerunt

52 1415 83 1432 20
113 1402 126 1414 ‘¹
136 1402 165 1425 in
181 1403 221 1435 xij
237 1402 363 1425 millibus
376 1402 511 1425 librarum
523 1402 734 1430 mutinensium,
746 1402 780 1425 ad
793 1401 1002 1425 condemnatio-

110 1445 122 1457 ¹¹
135 1451 196 1467 nem
210 1444 322 1475 capitis,
336 1444 445 1468 scilicet
465 1444 559 1468 dictus
580 1444 726 1468 Battucius
748 1445 776 1467 in
797 1452 813 1467 x
835 1443 962 1467 millibus
976 1445 1003 1466 et

113 1485 228 1509 “dictus
246 1487 305 1509 eius
325 1486 399 1509 filius
421 1488 449 1509 in
471 1486 587 1510 (luobus.
626 1484 683 1513 Qui
702 1487 851 1510 Battucius
878 1485 1001 1515 arripuit

114 1527 127 1540 ¹‘
139 1527 234 1559 fugam
248 1528 293 1551 die
307 1529 394 1552 sabati
411 1529 463 1560 xiij
488 1528 619 1551 februarii
637 1529 665 1551 in
680 1534 750 1551 sem.
788 1528 843 1551 Dic
857 1527 1004 1551 dominico

113 1569 127 1582 ¹¹
138 1577 174 1593 xx
196 1569 331 1593 februarii
351 1570 482 1594 dominus
496 1569 659 1593 Manfredus
674 1570 707 1593 de
720 1569 779 1593 Piis
793 1570 848 1593 ivit
862 1569 1003 1592 Veronam

53 1624 83 1649 ²5
114 1610 172 1635 “ad
197 1612 402 1644 parlamentum
423 1619 484 1636 cum
504 1612 638 1636 Dominis
658 1612 691 1635 de
718 1612 744 1635 la
763 1611 852 1635 Scala.
890 1611 943 1634 Die
970 1611 1002 1643 iij

114 1653 126 1665 ‘¹
138 1654 234 1677 martii
252 1655 349 1685 gentes
364 1654 397 1678 de
416 1653 521 1678 Sancto
536 1654 641 1677 Ioanne
654 1654 683 1677 in
700 1653 845 1678 Persiceto
857 1654 885 1677 et
898 1653 932 1676 de
946 1660 1006 1684 par.

115 1694 214 1719 “tibus
228 1695 286 1719 illis
300 1696 413 1720 iverunt
427 1697 456 1719 in
472 1696 624 1720 exercitum
640 1696 673 1719 ad
689 1698 810 1720 castrum
824 1695 943 1722 Finahs,
957 1695 1004 1718 sed

115 1736 233 1761 “statim
241 1737 308 1761 inde
319 1737 469 1762 redierunt.
490 1739 543 1761 Die
554 1738 619 1762 lune
631 1738 734 1770 xxviiij
745 1739 884 1761 exercitus
895 1737 1005 1760 Mutine

115 1778 195 1803 “ivit
212 1779 431 1811 Spilambertum
451 1780 484 1804 ad
504 1780 691 1804 edificandum
705 1780 745 1803 ibi
765 1787 849 1803 unum
871 1780 1004 1807 castrum,

116 1821 129 1834 ¹¹
140 1822 200 1845 sive
218 1821 370 1845 batifolum
402 1820 565 1853 oppositum
585 1821 619 1845 ad
648 1822 868 1853 guerrezandum
898 1821 1004 1844 dictum

117 1863 129 1875 ¹¹
141 1865 262 1887 castrum
274 1862 466 1894 Spilamberti.
504 1864 557 1887 Die
572 1864 703 1887 mercurii
716 1864 820 1887 ultimo
835 1863 931 1886 martii
946 1862 1005 1885 Rex

116 1903 129 1917 ‘¹
138 1904 250 1928 Boemie
263 1906 343 1929 venit
353 1905 502 1935 Mutinam,
513 1907 539 1929 et
554 1906 608 1929 suit
620 1905 679 1929 dies
692 1906 823 1929 mercurii
835 1904 1005 1936 supradicta,

116 1944 129 1958 ‘¹
140 1954 202 1970 cum
221 1946 281 1970 filio
301 1954 351 1970 suo
365 1947 490 1970 Domino
511 1947 616 1971 Carolo
631 1950 657 1970 et
672 1947 726 1970 ivit
746 1947 906 1970 Bononiam
921 1947 948 1970 et
963 1946 1003 1978 xij

118 1989 130 2001 ‘¹
140 1989 239 2020 aprilis
249 1989 334 2013 rediit
345 1988 492 2012 Mutinam.
512 1989 547 2013 Et
559 1989 603 2012 die
611 1989 677 2013 lune
685 1990 788 2020 quinto
798 1989 899 2020 aprilis
910 1990 1006 2019 captus

118 2030 195 2055 “fuit
213 2031 404 2054 Bernardinus
423 2031 456 2054 de
476 2031 535 2054 Piis
555 2031 585 2054 in
611 2031 737 2054 exercitu
757 2030 938 2062 Spilamberti
965 2030 999 2053 ad

118 2071 225 2095 “unam
238 2078 436 2095 scaramuzam.
455 2071 535 2095 Tunc
549 2071 666 2095 Nobiles
682 2071 715 2095 de
730 2070 864 2095 Gorzano
880 2071 924 2094 die
940 2070 1006 2102 xiiij

117 2113 129 2126 ¹¹
141 2113 242 2145 aprilis
270 2112 431 2136 reffecerunt
459 2111 646 2137 Maranellum
673 2115 700 2136 et
727 2113 772 2136 die
801 2113 912 2136 veneris
942 2113 1005 2144 xiiij

117 2155 131 2168 ‘¹
142 2154 210 2178 maii
229 2155 261 2178 in
275 2156 397 2186 vesperis
412 2154 467 2178 fuit
482 2161 599 2186 magnus
613 2155 742 2186 ecclipsis
754 2155 785 2178 in
799 2155 871 2181 sole;
887 2157 913 2178 et
928 2154 1006 2178 dicto

119 2197 189 2220 “die
208 2196 267 2220 Rex
287 2196 401 2220 Boemie
422 2198 521 2220 iterum
542 2196 627 2220 rediit
646 2197 805 2220 Bononiam
825 2203 878 2229 pro
899 2197 1007 2220 anxilio

119 2239 132 2252 ‘¹
142 2238 313 2271 postulando
332 2246 348 2262 a
362 2239 475 2270 Legato.
513 2239 567 2262 Die
581 2239 680 2262 martis
695 2239 803 2262 decimo
818 2241 922 2262 octavo
938 2239 1006 2270 maij

119 2282 280 2305 “exercitus
299 2280 408 2305 Mutine
428 2281 482 2304 ivit
502 2279 722 2312 spilambertum
742 2281 776 2305 ad
797 2281 920 2304 dandum
939 2288 1007 2312 gua-

120 2323 224 2347 “stum.
261 2323 315 2346 Die
334 2323 445 2346 veneris
466 2323 506 2355 iiij
530 2323 603 2346 iunii
624 2325 688 2354 post
715 2329 880 2355 campanam
907 2322 1005 2346 orandi

121 2365 135 2378 ‘¹
145 2365 277 2396 apparuit
289 2365 370 2388 stella
383 2371 482 2396 magna
498 2371 558 2388 cum
574 2371 674 2396 magna
688 2364 775 2388 cauda
791 2372 805 2387 a
820 2371 899 2388 mane
912 2371 1008 2388 versus

121 2407 133 2419 ‘¹
147 2413 207 2430 sero
217 2408 245 2430 et
255 2407 344 2429 maior
359 2406 417 2435 illa⁷
428 2413 480 2438 que
491 2406 623 2438 apparuit
636 2409 763 2438 tempore
777 2406 877 2430 mortis
889 2406 1006 2429 Domini

122 2449 134 2461 ‘¹
146 2447 242 2472 Canis.
279 2448 333 2472 Die
359 2448 424 2471 lune
453 2449 491 2480 vij
519 2448 591 2471 iunii
620 2448 694 2471 facta
721 2447 777 2471 fuit
806 2450 905 2479 treuga
931 2448 1007 2471 inter

120 2490 133 2501 ‘¹
146 2490 274 2514 vicarios
293 2490 404 2514 Mutine
423 2492 450 2514 et
469 2488 596 2513 Comune
615 2489 727 2513 Mutine
752 2496 787 2512 ex
806 2497 863 2513 una
883 2492 961 2522 parte
980 2492 1008 2513 et

122 2532 296 2556 “Nicolaum
316 2532 348 2556 de
367 2532 458 2556 Fredo
478 2534 545 2556 tuuc
565 2534 707 2555 tenentem
727 2531 947 2563 spilambertum
972 2539 1006 2555 cx

122 2573 134 2586 ‘¹
147 2574 235 2598 altera
254 2576 281 2598 et
299 2574 410 2598 demum
429 2575 475 2598 die
494 2574 564 2606 xviij
581 2574 655 2597 iunii
675 2574 782 2597 cridata
798 2575 853 2597 fuit
867 2581 921 2605 pax
936 2575 1009 2598 inter

124 2615 274 2640 “Comune
294 2616 404 2640 Mutine
422 2618 449 2640 et
468 2615 616 2639 Nicolaum
638 2616 671 2639 de
690 2615 779 2639 Fredo
793 2617 932 2639 tenentem
947 2615 1008 2648 Spi-

125 2659 138 2672 “
149 2659 322 2683 lambertum.
359 2660 395 2683 Et
408 2659 503 2683 eodem
518 2662 644 2690 tempore
658 2660 797 2682 Iohannes
811 2659 843 2683 de
857 2659 1009 2683 Adelardis

125 2701 137 2714 ¹¹
150 2709 211 2725 cum
219 2702 426 2726 habitatoribus
434 2704 507 2726 terre
518 2701 693 2733 Formiginis
701 2703 876 2734 recuperavit
886 2704 1010 2726 castrum

126 2744 138 2756 ¹¹
150 2745 224 2768 dicte
244 2745 328 2773 terre,
353 2745 426 2775 quod
454 2744 601 2768 tenebatur
626 2751 674 2775 per
699 2744 815 2767 Nobiles
845 2744 878 2767 de
903 2744 1009 2768 Saxolo

126 2785 139 2797 ¹¹
148 2785 261 2809 numine
274 2785 405 2812 Ecclesie,
418 2786 493 2816 quod
508 2788 628 2809 castrum
642 2786 720 2809 dicto
734 2788 858 2817 tempore
868 2793 1010 2810 recoman-

127 2828 137 2839 ‘¹
151 2827 245 2850 datum
265 2830 292 2851 et
313 2827 506 2851 confirmatum
527 2827 583 2851 fuit
602 2828 680 2851 dicto
699 2826 799 2851 Ioanni
816 2834 863 2859 per
876 2826 1010 2859 Legatum

127 2868 138 2880 ‘¹
150 2868 274 2892 Ecclesie
293 2868 420 2892 Bononie
438 2871 605 2893 existentem
625 2871 653 2892 et
674 2869 727 2892 suit
746 2869 818 2901 xviij
840 2870 949 2900 augusti
966 2869 1011 2893 die

126 2909 139 2921 ¹¹
153 2911 258 2934 martis.
296 2910 331 2934 Et
351 2910 428 2934 dieto
449 2917 540 2935 mense
567 2912 676 2942 augusti
706 2911 849 2942 inceptum
871 2911 925 2935 fuit
950 2911 1010 2934 fieri

129 2955 179 2976 “et
198 2955 291 2976 cavari
312 2953 452 2984 quoddam
473 2954 569 2977 canale
595 2960 609 2976 a
630 2958 702 2977 terra
722 2954 842 2977 Macrete
863 2961 949 2984 usque
975 2954 1010 2978 ud

55 2042 86 2067 35

57 2254 91 2278 40

59 2459 90 2485 45

63 2671 95 2696 50

66 2879 94 2905 55

1197 1112 1225 1134 et
1245 1111 1342 1135 avanti
1359 1110 1496 1134 Iohannes
1516 1117 1582 1140 agg.
1603 1107 1696 1136 MUR.,·
1717 1104 1729 1129 ὲ
1748 1104 1825 1128 anche
1843 1103 1869 1126 x'n
1889 1102 1930 1125 M.

1056 1187 1068 1199 ¹¹
1081 1190 1183 1211 terram
1202 1187 1299 1212 Sancti
1313 1187 1425 1215 Felicis,
1447 1193 1529 1210 causa
1543 1186 1667 1210 faciendi
1686 1185 1791 1208 ibidem
1804 1183 1944 1215 quoddam

1058 1228 1070 1241 ¹¹
1083 1230 1278 1254 molendinum
1298 1230 1332 1253 ad
1353 1230 1520 1253 instantiam
1540 1229 1659 1253 Domini
1680 1226 1824 1251 Guidonis
1840 1226 1873 1250 de
1886 1225 1946 1249 Piis

1057 1271 1148 1295 “tunc
1174 1271 1284 1295 Vicarii
1304 1271 1390 1303 Regis
1410 1268 1535 1303 Boemie}
1551 1271 1580 1294 in
1607 1270 1728 1297 Mutina,
1754 1269 1829 1300 quod
1849 1268 1946 1292 canale

1057 1311 1070 1324 ‘¹
1081 1314 1199 1336 vocatur
1217 1313 1246 1335 el
1262 1313 1404 1335 canaletto.
1443 1312 1485 1334 De
1504 1318 1597 1334 mense
1615 1310 1780 1342 septembris
1801 1310 1877 1333 facta
1891 1308 1946 1332 fuit

1057 1353 1138 1384 “liga
1158 1355 1231 1377 inter
1250 1353 1386 1385 Legatum
1406 1353 1530 1376 Ecclesie
1557 1360 1590 1376 ex
1611 1359 1666 1376 una
1692 1353 1771 1383 parte
1790 1353 1817 1375 et
1830 1350 1945 1382 '‘Regem

1060 1394 1196 1419 “Boemie
1215 1397 1242 1419 et
1262 1395 1445 1423 Mutinenses,
1465 1394 1626 1426 Regienses,
1646 1394 1809 1417 Par-menses
1827 1395 1855 1416 et
1881 1392 1947 1416 Cre-

1059 1436 1072 1449 ¹¹
1083 1443 1237 1465 monenses,
1248 1439 1315 1461 tunc
1331 1437 1459 1460 subditos
1473 1436 1603 1460 dominio
1617 1436 1689 1459 dicti
1702 1434 1787 1467 Regis
1802 1442 1836 1458 ex
1848 1434 1947 1463 altera,

1061 1483 1072 1490 ¹·
1087 1479 1219 1502 videlicet
1240 1480 1313 1502 inter
1327 1479 1436 1502 nobiles
1450 1479 1592 1502 Dominos
1607 1477 1769 1502 Guidonem
1782 1479 1810 1501 et
1823 1476 1947 1500 Manne-

1061 1520 1072 1531 “
1086 1521 1150 1543 dum
1165 1520 1197 1544 de
1212 1521 1271 1544 Piis
1292 1521 1423 1544 Vicarios
1437 1521 1466 1543 in
1481 1519 1594 1543 Mutina
1608 1527 1659 1552 pro
1673 1519 1749 1543 dicto
1763 1518 1839 1551 Rege
1857 1519 1884 1542 et
1899 1525 1945 1542 no-

1060 1561 1151 1586 “biles
1171 1563 1303 1586 dominos
1324 1562 1471 1586 Gibertum
1490 1563 1516 1586 et
1535 1561 1686 1586 Nicolaum
1707 1559 1900 1593 degFogliano
1919 1562 1947 1584 et

1061 1604 1073 1616 ‘¹
1084 1605 1229 1628 dominum
1243 1605 1370 1628 Azonem
1385 1605 1418 1628 de
1431 1604 1670 1636 Mansredisatunc
1685 1602 1815 1626 Vicarios
1832 1603 1862 1626 in
1879 1603 1949 1626 civi-

1062 1646 1074 1658 ‘¹
1086 1648 1142 1670 tate
1161 1645 1245 1677 Regii
1264 1648 1290 1670 et
1311 1646 1421 1670 nobiles
1440 1646 1573 1670 dominos
1598 1645 1766 1673 Marsilium,
1785 1644 1948 1668 Rolandum

1063 1688 1113 1711 “et
1131 1687 1244 1711 Petrum
1264 1688 1298 1712 de
1312 1687 1417 1712 Rubeis
1437 1688 1567 1711 Vicarios
1587 1687 1685 1711 Parme
1704 1694 1756 1718 pro
1777 1687 1855 1711 dicto
1874 1686 1949 1718 Rege

1061 1730 1110 1754 “et
1125 1731 1249 1754 nobilem
1269 1730 1415 1754 domInum
1434 1729 1590 1754 Ponzinum
1605 1730 1638 1753 de
1651 1729 1789 1753 Ponzinis
1802 1729 1948 1754 Vicarium

1062 1772 1212 1796 “civitatis
1226 1771 1381 1796 Cremonae
1395 1779 1446 1804 pro
1460 1772 1538 1796 dicto
1558 1771 1640 1804 Rege.
1679 1769 1822 1804 Et-'dictus
1834 1771 1894 1795 Rex
1910 1779 1950 1795 ar-

1062 1815 1172 1846 “ripuit
1192 1814 1246 1838 iter
1266 1821 1361 1838 versus
1382 1816 1475 1846 partes
1494 1814 1642 1838 Alemanie
1663 1814 1696 1838 de
1715 1820 1809 1837 mense
1823 1814 1947 1837 octobris

1063 1856 1168 1888 “xviij.
1183 1855 1236 1879 Die
1250 1856 1382 1879 mercurii
1401 1863 1438 1879 xx
1459 1855 1583 1879 octobris
1603 1855 1721 1878 Nobiles
1741 1855 1949 1887 defi-Manfredis

1063 1898 1074 1909 ‘⁵
1087 1898 1197 1930 expulsi
1210 1898 1322 1921 fuerunt
1333 1897 1366 1921 de
1376 1898 1494 1921 civitate
1505 1896 1588 1929 Regii
1602 1903 1650 1928 per
1663 1897 1780 1921 Nobiles
1794 1896 1827 1920 de
1838 1897 1949 1928 Foglia-
1978 1904 1991 1912 ’-

1061 1940 1074 1954 ‘¹
1086 1947 1132 1970 no,
1151 1940 1243 1972 captis
1257 1940 1388 1964 omnibus
1407 1947 1441 1963 ex
1459 1941 1545 1964 dietis
1564 1939 1715 1963 Nobilibus
1730 1939 1763 1963 de
1782 1939 1948 1968 Manfredis⁷

1063 1983 1075 1994 ¹¹
1086 1983 1212 2014 exceptis
1222 1982 1348 2006 Iohanne
1358 1984 1386 2006 et
1395 1981 1500 2006 Rubeo.
1512 1982 1654 2005 Dominus
1664 1981 1782 2013 Egldius
1794 1982 1828 2005 de
1838 1982 1949 2006 Belaier

1063 2022 1212 2048 “Potestas
1222 2024 1330 2048 Mutine
1339 2025 1368 2047 in
1377 2023 1558 2056 Mcccxxxiiij'
1571 2025 1599 2046 in
1609 2024 1709 2055 primis
1719 2031 1767 2047 sex
1776 2024 1918 2047 mensibus
1926 2040 1950 2055 ‚‚.

1149 2064 1157 2080 ¹
1179 2066 1275 2089 Finita
1295 2066 1321 2089 la
1341 2066 1426 2097 lunga
1441 2066 1598 2097 podesteria
1613 2065 1657 2089 del
1671 2065 1794 2097 Belayre,
1808 2065 1950 2089 sottentro

1062 2107 1169 2132 Matteo
1188 2108 1231 2131 dei
1253 2106 1414 2139 Franguelli
1435 2108 1484 2131 che
1505 2114 1575 2130 resse
1596 2107 1714 2131 Modena
1738 2108 1802 2131 sino
1823 2107 1878 2131 alla
1898 2115 1950 2131 ces-

1062 2151 1142 2173 sione
1155 2149 1229 2173 della
1243 2148 1312 2173 citta
1326 2149 1382 2181 agli
1396 2149 1506 2172 Estensi
1523 2149 1543 2172 il
1566 2156 1594 2180 13
1610 2150 1722 2181 maggio
1736 2149 1808 2180 1336.
1847 2148 1951 2177 Questa

1062 2191 1220 2222 podesteria
1239 2189 1253 2214 'e
1274 2191 1444 2222 largamente
1463 2190 1660 2214 documentata
1683 2192 1726 2214 nei
1747 2191 1873 2223 pubblici
1898 2193 1949 2215 atti

1062 2234 1162 2264 ollem..
1177 2241 1199 2257 a.
1218 2240 1290 2264 1334,
1303 2233 1324 2260 Ι,
1340 2241 1385 2256 nn.
1405 2240 1425 2260 1,
1443 2231 1498 2258 166,
1513 2239 1571 2264 371,
1586 2232 1645 2264 614,
1661 2232 1711 2264 644
1725 2240 1738 2256 e
1753 2232 1818 2263 718:
1834 2241 1856 2257 a.
1874 2239 1947 2265 1335.

1062 2275 1082 2303 Ι,
1104 2283 1129 2298 n.
1151 2281 1191 2306 74,
1211 2275 1244 2303 ΙΙ,
1265 2283 1290 2298 n.
1311 2274 1378 2303 6223
1401 2282 1423 2298 a.
1446 2273 1519 2306 1336.
1541 2275 1573 2305 ΙΙ,
1596 2282 1642 2298 nn.
1663 2282 1722 2306 414.
1743 2280 1801 2306 553.
1822 2274 1892 2307 585)⁴

1149 2314 1160 2331 ‘²
1180 2316 1252 2340 Ecco
1266 2316 1288 2340 il
1302 2323 1384 2349 passo
1405 2316 1432 2339 di
1449 2317 1488 2340 M.
1504 2314 1542 2347 (p.
1563 2315 1622 2344 206,
1636 2316 1666 2340 ll.
1684 2315 1773 2349 16-39)
1787 2317 1951 2348 corrispon-

1062 2360 1144 2383 dente
1158 2359 1214 2382 alla
1228 2360 1342 2383 lacuna:
1360 2359 1484 2382 “Eodem
1497 2365 1573 2383 anno
1588 2360 1633 2383 die
1647 2361 1756 2383 veneris
1771 2361 1809 2392 vij
1827 2360 1950 2383 ianuarii

1065 2401 1199 2432 “incepta
1218 2401 1275 2424 tuit
1293 2408 1393 2433 guerra
1413 2402 1487 2425 inter
1508 2401 1574 2424 illos
1594 2401 1628 2424 de
1647 2401 1812 2433 Savignano
1837 2403 1863 2425 et
1884 2402 1952 2426 illos

1065 2442 1120 2466 “de
1139 2443 1308 2469 Montursio.
1322 2444 1350 2466 et
1363 2446 1430 2466 tunc
1445 2443 1554 2467 Vicarii
1567 2443 1678 2467 Mutine
1692 2444 1843 2468 misserunt
1856 2451 1951 2468 eorum

1065 2486 1185 2516 “gentes
1198 2485 1228 2508 in
1243 2485 1352 2509 auxillo
1367 2485 1554 2516 predictorum
1570 2484 1603 2508 de
1616 2485 1777 2509 Montursio
1790 2488 1816 2510 et
1830 2485 1863 2509 de
1877 2485 1953 2509 dicta

1065 2526 1187 2558 “guerra
1206 2527 1348 2551 Dominus
1367 2526 1530 2551 Mansredus
1551 2527 1583 2551 de
1603 2527 1663 2551 Piis
1689 2529 1851 2560 composuit
1880 2529 1953 2552 inter

1063 2568 1075 2581 ¹¹
1087 2576 1142 2592 eos.
1179 2569 1233 2592 Die
1253 2569 1341 2592 sabati
1364 2570 1390 2601 xj
1412 2570 1507 2593 martii
1522 2569 1642 2593 Ioannes
1662 2569 1695 2593 de
1709 2569 1799 2594 Fredo
1814 2571 1905 2595 dictus
1920 2571 1953 2594 de

1066 2608 1079 2621 ‘¹
1091 2610 1207 2634 Mantua
1226 2611 1257 2634 in
1276 2611 1433 2634 carceribus
1447 2610 1604 2643 detemptus
1617 2611 1650 2635 de
1663 2612 1798 2635 mandato
1813 2613 1952 2636 dictorum

1066 2652 1077 2664 ‘¹
1089 2653 1267 2676 Vicariorum
1287 2652 1436 2676 suffocatus
1455 2660 1504 2685 per
1523 2653 1703 2685 Prepositum
1723 2653 1757 2678 de
1777 2654 1867 2678 Fredo
1888 2662 1952 2678 con·

1066 2694 1275 2727 “sanguineum
1296 2695 1393 2727 ipsius,
1414 2696 1447 2718 de
1465 2695 1520 2720 hoc
1539 2695 1633 2720 seculo
1654 2696 1889 2728 transmigravitg
1906 2698 1954 2728 qui

1066 2738 1079 2750 ‘¹
1091 2737 1254 2768 Prepositus
1274 2737 1384 2760 demum
1397 2739 1489 2761 tractu
1503 2738 1639 2768 temporis
1652 2744 1701 2770 per
1714 2738 1851 2768 quendam
1865 2738 1954 2762 filium

1067 2780 1248 2803 “naturalem
1268 2779 1387 2811 predicti
1413 2779 1530 2803 Ioannis
1549 2787 1607 2803 uno
1628 2780 1776 2804 coltelatio
1805 2780 1835 2804 in
1863 2782 1955 2813 capite

1069 2823 1082 2835 ¹‘
1094 2823 1258 2846 vulneratus
1277 2822 1311 2846 ad
1331 2822 1492 2846 vendictam
1507 2822 1540 2846 de
1552 2823 1605 2846 hoc
1621 2824 1716 2847 seculo
1731 2824 1955 2855 transmigravit.

1067 2865 1126 2888 “Et
1145 2865 1190 2888 dle
1211 2864 1306 2888 martis
1326 2871 1364 2888 xv
1383 2864 1479 2888 martii
1500 2867 1634 2888 renovate
1660 2865 1774 2889 fuerunt
1801 2865 1892 2889 claves
1919 2866 1953 2889 ad

1069 2907 1187 2929 “omnes
1208 2908 1304 2938 portas
1324 2906 1450 2929 civitatis
1471 2906 1587 2930 Mutine.
1627 2906 1662 2930 Et
1681 2906 1727 2930 die
1742 2908 1853 2930 veneris
1868 2907 1953 2940 xxiiij

1067 2950 1079 2961 ⁴⁴
1091 2950 1186 2972 martii
1207 2947 1306 2972 Simon
1329 2952 1376 2972 ete.
1388 2964 1410 2977 „-

2008 344 2028 357 ε,
2050 341 2105 359 51-

1975 1261 2008 1286 60

1979 2107 2012 2131 80

1982 2536 2016 2562 90

2001 2748 2033 2773 95

1987 2957 2038 2976 100
