<?xml version="1.0" encoding="UTF-8"?>
<!DOCTYPE html PUBLIC "-//W3C//DTD XHTML 1.0 Transitional//EN"
    "http://www.w3.org/TR/xhtml1/DTD/xhtml1-transitional.dtd">
<html xmlns="http://www.w3.org/1999/xhtml" xml:lang="en" lang="en">
 <head>
  <title>
</title>
<meta http-equiv="Content-Type" content="text/html;charset=utf-8" />
  <meta name='ocr-system' content='tesseract 3.04.00' />
  <meta name='ocr-capabilities' content='ocr_page ocr_carea ocr_par ocr_line ocrx_word'/>
</head>
<body>
  <div class='ocr_page' id='page_1' title='image "./p4f2rerumitalica15murauoft_0078.png"; bbox 0 0 2318 3603; ppageno 0'>
   <div class='ocr_carea' id='block_1_1' title="bbox 124 515 219 534">
    <p class='ocr_par' dir='ltr' id='par_1_1' title="bbox 124 515 219 534">
     <span class='ocr_line' id='line_1_1' title="bbox 124 515 219 534; baseline 0 -5"><span class='ocrx_word' id='word_1_1' title='bbox 124 515 219 534; x_wconf 47' lang='lat'>&amp;35⁰</span> 
     </span>
    </p>
   </div>
   <div class='ocr_carea' id='block_1_2' title="bbox 243 2061 275 2078">
    <p class='ocr_par' dir='ltr' id='par_1_2' title="bbox 243 2061 275 2078">
     <span class='ocr_line' id='line_1_2' title="bbox 243 2061 275 2078; baseline -0.031 0"><span class='ocrx_word' id='word_1_2' title='bbox 243 2061 275 2078; x_wconf 92' lang='lat'>10</span> 
     </span>
    </p>
   </div>
   <div class='ocr_carea' id='block_1_3' title="bbox 313 222 2145 268">
    <p class='ocr_par' dir='ltr' id='par_1_3' title="bbox 313 222 2145 268">
     <span class='ocr_line' id='line_1_3' title="bbox 313 222 2145 268; baseline 0 -8"><span class='ocrx_word' id='word_1_3' title='bbox 313 224 358 261; x_wconf 88' lang='lat'>78</span> <span class='ocrx_word' id='word_1_4' title='bbox 902 222 1214 260; x_wconf 88' lang='lat' dir='ltr'>CHRONICON</span> <span class='ocrx_word' id='word_1_5' title='bbox 1240 225 1551 262; x_wconf 90' lang='lat' dir='ltr'>MUTINENSE</span> <span class='ocrx_word' id='word_1_6' title='bbox 1978 233 2030 268; x_wconf 80' lang='lat' dir='ltr'>[A.</span> <span class='ocrx_word' id='word_1_7' title='bbox 2051 235 2145 268; x_wconf 77' lang='grc'><strong>1317]</strong></span> 
     </span>
    </p>
   </div>
   <div class='ocr_carea' id='block_1_4' title="bbox 311 293 2144 303">
    <p class='ocr_par' dir='ltr' id='par_1_4' title="bbox 311 293 2144 303">
     <span class='ocr_line' id='line_1_4' title="bbox 311 293 2144 303; baseline 0.001 -2"><span class='ocrx_word' id='word_1_8' title='bbox 311 293 1767 302; x_wconf 67' lang='grc'>..............................................................................................................................................................</span> <span class='ocrx_word' id='word_1_9' title='bbox 1782 295 2144 303; x_wconf 64' lang='grc' dir='ltr'>....η-...υ-..ι...ι-...η-...μ---ηιη</span> 
     </span>
    </p>
   </div>
   <div class='ocr_carea' id='block_1_5' title="bbox 301 342 2213 1550">
    <p class='ocr_par' dir='ltr' id='par_1_5' title="bbox 301 342 2213 1550">
     <span class='ocr_line' id='line_1_5' title="bbox 305 342 2142 388; baseline 0.002 -14"><span class='ocrx_word' id='word_1_10' title='bbox 305 353 430 385; x_wconf 86' lang='lat' dir='ltr'>magna</span> <span class='ocrx_word' id='word_1_11' title='bbox 455 342 584 374; x_wconf 81' lang='lat' dir='ltr'>familia</span> <span class='ocrx_word' id='word_1_12' title='bbox 609 348 643 374; x_wconf 93' lang='lat' dir='ltr'>et</span> <span class='ocrx_word' id='word_1_13' title='bbox 667 342 827 374; x_wconf 85' lang='lat' dir='ltr'><strong>comitiva</strong></span> <span class='ocrx_word' id='word_1_14' title='bbox 852 343 896 375; x_wconf 90' lang='lat' dir='ltr'>ad</span> <span class='ocrx_word' id='word_1_15' title='bbox 921 343 1176 374; x_wconf 84' lang='lat' dir='ltr'>reformandam</span> <span class='ocrx_word' id='word_1_16' title='bbox 1201 343 1310 384; x_wconf 81' lang='lat' dir='ltr'>ipsam</span> <span class='ocrx_word' id='word_1_17' title='bbox 1335 343 1507 375; x_wconf 86' lang='lat' dir='ltr'>civitatem</span> <span class='ocrx_word' id='word_1_18' title='bbox 1540 343 1697 376; x_wconf 90' lang='lat' dir='ltr'>Mutinae</span> <span class='ocrx_word' id='word_1_19' title='bbox 1712 344 1732 376; x_wconf 91' lang='lat'>¹.</span> <span class='ocrx_word' id='word_1_20' title='bbox 1759 344 1804 376; x_wconf 84' lang='lat' dir='ltr'>Et</span> <span class='ocrx_word' id='word_1_21' title='bbox 1828 344 1883 376; x_wconf 88' lang='lat' dir='ltr'>die</span> <span class='ocrx_word' id='word_1_22' title='bbox 1915 344 2075 377; x_wconf 86' lang='lat' dir='ltr'>mercurii</span> <span class='ocrx_word' id='word_1_23' title='bbox 2107 345 2142 388; x_wconf 86' lang='lat' dir='ltr'>iij</span> 
     </span>
     <span class='ocr_line' id='line_1_6' title="bbox 306 394 2144 437; baseline 0.002 -11"><span class='ocrx_word' id='word_1_24' title='bbox 306 396 439 437; x_wconf 83' lang='lat' dir='ltr'>augusti</span> <span class='ocrx_word' id='word_1_25' title='bbox 463 395 631 437; x_wconf 80' lang='lat' dir='ltr'>praedicti</span> <span class='ocrx_word' id='word_1_26' title='bbox 655 395 833 427; x_wconf 88' lang='lat' dir='ltr'>redierunt</span> <span class='ocrx_word' id='word_1_27' title='bbox 856 394 1012 427; x_wconf 87' lang='lat' dir='ltr'>Mutinae</span> <span class='ocrx_word' id='word_1_28' title='bbox 1037 395 1194 427; x_wconf 91' lang='lat' dir='ltr'>dominus</span> <span class='ocrx_word' id='word_1_29' title='bbox 1217 394 1422 427; x_wconf 87' lang='lat' dir='ltr'>Franciscus</span> <span class='ocrx_word' id='word_1_30' title='bbox 1446 397 1489 428; x_wconf 90' lang='lat' dir='ltr'>de</span> <span class='ocrx_word' id='word_1_31' title='bbox 1513 397 1711 429; x_wconf 91' lang='lat' dir='ltr'>Mirandola</span> <span class='ocrx_word' id='word_1_32' title='bbox 1743 403 1776 429; x_wconf 93' lang='lat' dir='ltr'>et</span> <span class='ocrx_word' id='word_1_33' title='bbox 1807 397 1857 428; x_wconf 89' lang='lat' dir='ltr'>illi</span> <span class='ocrx_word' id='word_1_34' title='bbox 1882 397 1926 428; x_wconf 89' lang='lat' dir='ltr'>de</span> <span class='ocrx_word' id='word_1_35' title='bbox 1950 397 2019 429; x_wconf 86' lang='lat' dir='ltr'>Piis</span> <span class='ocrx_word' id='word_1_36' title='bbox 2043 404 2077 430; x_wconf 91' lang='lat' dir='ltr'>et</span> <span class='ocrx_word' id='word_1_37' title='bbox 2102 399 2144 430; x_wconf 90' lang='lat' dir='ltr'>de</span> 
     </span>
     <span class='ocr_line' id='line_1_7' title="bbox 307 447 2146 491; baseline 0.001 -11"><span class='ocrx_word' id='word_1_38' title='bbox 307 448 467 490; x_wconf 72' lang='lat' dir='ltr'>Gorcano</span> <span class='ocrx_word' id='word_1_39' title='bbox 500 459 577 479; x_wconf 90' lang='lat' dir='ltr'>cum</span> <span class='ocrx_word' id='word_1_40' title='bbox 609 448 676 479; x_wconf 88' lang='lat' dir='ltr'>suis</span> <span class='ocrx_word' id='word_1_41' title='bbox 709 448 910 490; x_wconf 85' lang='lat' dir='ltr'>sequacibus</span> <span class='ocrx_word' id='word_1_42' title='bbox 943 455 976 479; x_wconf 92' lang='lat' dir='ltr'>et</span> <span class='ocrx_word' id='word_1_43' title='bbox 1007 448 1126 479; x_wconf 89' lang='lat' dir='ltr'>amicis</span> <span class='ocrx_word' id='word_1_44' title='bbox 1154 454 1187 480; x_wconf 91' lang='lat' dir='ltr'>et</span> <span class='ocrx_word' id='word_1_45' title='bbox 1209 447 1278 489; x_wconf 91' lang='lat' dir='ltr'>[eo]</span> <span class='ocrx_word' id='word_1_46' title='bbox 1304 449 1358 480; x_wconf 88' lang='lat' dir='ltr'>die</span> <span class='ocrx_word' id='word_1_47' title='bbox 1382 449 1476 481; x_wconf 84' lang='lat' dir='ltr'>facta</span> <span class='ocrx_word' id='word_1_48' title='bbox 1499 449 1565 482; x_wconf 79' lang='lat' dir='ltr'>fuit</span> <span class='ocrx_word' id='word_1_49' title='bbox 1588 461 1655 491; x_wconf 90' lang='lat' dir='ltr'>pax</span> <span class='ocrx_word' id='word_1_50' title='bbox 1679 457 1711 482; x_wconf 92' lang='lat' dir='ltr'>et</span> <span class='ocrx_word' id='word_1_51' title='bbox 1744 450 1931 482; x_wconf 86' lang='lat' dir='ltr'>concordia</span> <span class='ocrx_word' id='word_1_52' title='bbox 1946 451 1981 481; x_wconf 90' lang='lat' dir='ltr'>in</span> <span class='ocrx_word' id='word_1_53' title='bbox 2007 450 2146 482; x_wconf 91' lang='lat' dir='ltr'>Palacio</span> 
     </span>
     <span class='ocr_line' id='line_1_8' title="bbox 309 500 2146 545; baseline 0.002 -14"><span class='ocrx_word' id='word_1_54' title='bbox 309 510 399 532; x_wconf 86' lang='lat' dir='ltr'>novo</span> <span class='ocrx_word' id='word_1_55' title='bbox 424 501 579 532; x_wconf 89' lang='lat' dir='ltr'>comunis</span> <span class='ocrx_word' id='word_1_56' title='bbox 602 500 783 533; x_wconf 87' lang='lat' dir='ltr'>Mutinae.&#39;</span> <span class='ocrx_word' id='word_1_57' title='bbox 830 501 964 533; x_wconf 91' lang='lat' dir='ltr'>Eodem</span> <span class='ocrx_word' id='word_1_58' title='bbox 981 501 1160 532; x_wconf 85' lang='lat' dir='ltr'>millesimo</span> <span class='ocrx_word' id='word_1_59' title='bbox 1187 501 1242 532; x_wconf 91' lang='lat' dir='ltr'>die</span> <span class='ocrx_word' id='word_1_60' title='bbox 1264 502 1424 533; x_wconf 88' lang='lat' dir='ltr'>mercurii</span> <span class='ocrx_word' id='word_1_61' title='bbox 1452 513 1473 533; x_wconf 84' lang='lat' dir='ltr'>x</span> <span class='ocrx_word' id='word_1_62' title='bbox 1497 503 1629 545; x_wconf 86' lang='lat' dir='ltr'>augusti</span> <span class='ocrx_word' id='word_1_63' title='bbox 1646 503 1745 534; x_wconf 88' lang='lat' dir='ltr'>rediit</span> <span class='ocrx_word' id='word_1_64' title='bbox 1771 502 1925 534; x_wconf 86' lang='lat' dir='ltr'>dominus</span> <span class='ocrx_word' id='word_1_65' title='bbox 1947 502 2146 535; x_wconf 90' lang='lat' dir='ltr'>Passarinus</span> 
     </span>
     <span class='ocr_line' id='line_1_9' title="bbox 305 553 2189 594; baseline 0.002 -10"><span class='ocrx_word' id='word_1_66' title='bbox 305 553 483 585; x_wconf 86' lang='lat' dir='ltr'>Mantuam</span> <span class='ocrx_word' id='word_1_67' title='bbox 509 559 543 585; x_wconf 86' lang='lat' dir='ltr'>et</span> <span class='ocrx_word' id='word_1_68' title='bbox 567 553 701 585; x_wconf 89' lang='lat' dir='ltr'>iverunt</span> <span class='ocrx_word' id='word_1_69' title='bbox 725 564 802 585; x_wconf 91' lang='lat' dir='ltr'>cum</span> <span class='ocrx_word' id='word_1_70' title='bbox 829 564 868 585; x_wconf 92' lang='lat' dir='ltr'>eo</span> <span class='ocrx_word' id='word_1_71' title='bbox 894 554 1051 586; x_wconf 84' lang='lat' dir='ltr'>dominus</span> <span class='ocrx_word' id='word_1_72' title='bbox 1075 553 1282 585; x_wconf 64' lang='lat' dir='ltr'>Franciscus</span> <span class='ocrx_word' id='word_1_73' title='bbox 1300 554 1342 586; x_wconf 92' lang='lat' dir='ltr'>de</span> <span class='ocrx_word' id='word_1_74' title='bbox 1359 554 1567 593; x_wconf 64' lang='lat' dir='ltr'>Mirandum,</span> <span class='ocrx_word' id='word_1_75' title='bbox 1584 555 1748 588; x_wconf 88' lang='lat' dir='ltr'>Arverius</span> <span class='ocrx_word' id='word_1_76' title='bbox 1764 556 1806 587; x_wconf 89' lang='lat' dir='ltr'>de</span> <span class='ocrx_word' id='word_1_77' title='bbox 1825 554 1993 594; x_wconf 69' lang='lat' dir='ltr'>Mac-reto,</span> <span class='ocrx_word' id='word_1_78' title='bbox 2022 556 2146 587; x_wconf 90' lang='lat' dir='ltr'>Iohan-</span> <span class='ocrx_word' id='word_1_79' title='bbox 2172 556 2189 587; x_wconf 85' lang='lat'><strong>5</strong></span> 
     </span>
     <span class='ocr_line' id='line_1_10' title="bbox 307 604 2145 651; baseline 0.002 -15"><span class='ocrx_word' id='word_1_80' title='bbox 307 616 366 637; x_wconf 85' lang='lat' dir='ltr'>nes</span> <span class='ocrx_word' id='word_1_81' title='bbox 391 607 433 638; x_wconf 92' lang='lat' dir='ltr'>de</span> <span class='ocrx_word' id='word_1_82' title='bbox 458 604 602 637; x_wconf 87' lang='lat' dir='ltr'>Mantua</span> <span class='ocrx_word' id='word_1_83' title='bbox 615 606 636 645; x_wconf 80' lang='lat'>²,</span> <span class='ocrx_word' id='word_1_84' title='bbox 670 606 720 637; x_wconf 89' lang='lat' dir='ltr'>illi</span> <span class='ocrx_word' id='word_1_85' title='bbox 753 607 796 638; x_wconf 94' lang='lat' dir='ltr'>de</span> <span class='ocrx_word' id='word_1_86' title='bbox 821 605 937 638; x_wconf 88' lang='lat' dir='ltr'>Fredo</span> <span class='ocrx_word' id='word_1_87' title='bbox 970 613 1003 638; x_wconf 94' lang='lat' dir='ltr'>et</span> <span class='ocrx_word' id='word_1_88' title='bbox 1033 606 1076 638; x_wconf 92' lang='lat' dir='ltr'>de</span> <span class='ocrx_word' id='word_1_89' title='bbox 1105 606 1265 649; x_wconf 78' lang='lat' dir='ltr'>Gorcano</span> <span class='ocrx_word' id='word_1_90' title='bbox 1297 606 1511 639; x_wconf 87' lang='lat' dir='ltr'>Mutinenses</span> <span class='ocrx_word' id='word_1_91' title='bbox 1543 607 1645 649; x_wconf 92' lang='lat' dir='ltr'>[cum]</span> <span class='ocrx_word' id='word_1_92' title='bbox 1677 608 1826 640; x_wconf 81' lang='lat' dir='ltr'>maxima</span> <span class='ocrx_word' id='word_1_93' title='bbox 1857 608 1998 640; x_wconf 87' lang='lat' dir='ltr'>militum</span> <span class='ocrx_word' id='word_1_94' title='bbox 2032 609 2145 651; x_wconf 92' lang='lat' dir='ltr'>copia,</span> 
     </span>
     <span class='ocr_line' id='line_1_11' title="bbox 305 658 2146 703; baseline 0.002 -13"><span class='ocrx_word' id='word_1_95' title='bbox 305 659 396 701; x_wconf 92' lang='lat' dir='ltr'>quia,</span> <span class='ocrx_word' id='word_1_96' title='bbox 421 665 457 690; x_wconf 89' lang='lat' dir='ltr'>ut</span> <span class='ocrx_word' id='word_1_97' title='bbox 481 658 670 696; x_wconf 81' lang='lat' dir='ltr'>dicebatur,</span> <span class='ocrx_word' id='word_1_98' title='bbox 695 658 857 691; x_wconf 89' lang='lat' dir='ltr'>volebant</span> <span class='ocrx_word' id='word_1_99' title='bbox 881 660 929 691; x_wconf 91' lang='lat' dir='ltr'>ire</span> <span class='ocrx_word' id='word_1_100' title='bbox 953 660 1137 696; x_wconf 89' lang='lat' dir='ltr'>Ferariam‚</span> <span class='ocrx_word' id='word_1_101' title='bbox 1154 659 1213 691; x_wconf 93' lang='lat' dir='ltr'>ubi</span> <span class='ocrx_word' id='word_1_102' title='bbox 1230 665 1304 691; x_wconf 88' lang='lat' dir='ltr'>erat</span> <span class='ocrx_word' id='word_1_103' title='bbox 1327 670 1453 703; x_wconf 89' lang='lat' dir='ltr'>magna</span> <span class='ocrx_word' id='word_1_104' title='bbox 1479 661 1670 693; x_wconf 84' lang='lat' dir='ltr'>commocio</span> <span class='ocrx_word' id='word_1_105' title='bbox 1688 662 1778 693; x_wconf 86' lang='lat' dir='ltr'>inter</span> <span class='ocrx_word' id='word_1_106' title='bbox 1802 661 1895 692; x_wconf 91' lang='lat' dir='ltr'>cives</span> <span class='ocrx_word' id='word_1_107' title='bbox 1919 662 2079 693; x_wconf 87' lang='lat' dir='ltr'>Ferariae</span> <span class='ocrx_word' id='word_1_108' title='bbox 2104 672 2146 693; x_wconf 85' lang='lat' dir='ltr'>ex</span> 
     </span>
     <span class='ocr_line' id='line_1_12' title="bbox 304 711 2147 755; baseline 0.002 -12"><span class='ocrx_word' id='word_1_109' title='bbox 304 723 372 743; x_wconf 89' lang='lat' dir='ltr'>una</span> <span class='ocrx_word' id='word_1_110' title='bbox 395 717 492 753; x_wconf 90' lang='lat' dir='ltr'>parte</span> <span class='ocrx_word' id='word_1_111' title='bbox 517 717 550 742; x_wconf 93' lang='lat' dir='ltr'>et</span> <span class='ocrx_word' id='word_1_112' title='bbox 573 711 762 750; x_wconf 86' lang='lat' dir='ltr'>Vascones,</span> <span class='ocrx_word' id='word_1_113' title='bbox 786 712 845 754; x_wconf 92' lang='lat' dir='ltr'>qui</span> <span class='ocrx_word' id='word_1_114' title='bbox 870 712 916 744; x_wconf 92' lang='lat' dir='ltr'>ibi</span> <span class='ocrx_word' id='word_1_115' title='bbox 941 718 1037 744; x_wconf 77' lang='lat' dir='ltr'>erant</span> <span class='ocrx_word' id='word_1_116' title='bbox 1053 723 1115 753; x_wconf 91' lang='lat' dir='ltr'>pro</span> <span class='ocrx_word' id='word_1_117' title='bbox 1132 712 1231 755; x_wconf 82' lang='lat' dir='ltr'>Rege</span> <span class='ocrx_word' id='word_1_118' title='bbox 1249 712 1408 745; x_wconf 90' lang='lat' dir='ltr'>Roberto</span> <span class='ocrx_word' id='word_1_119' title='bbox 1426 712 1580 755; x_wconf 90' lang='lat' dir='ltr'>Apuleae</span> <span class='ocrx_word' id='word_1_120' title='bbox 1597 714 1653 745; x_wconf 91' lang='lat' dir='ltr'>cui</span> <span class='ocrx_word' id='word_1_121' title='bbox 1671 721 1742 746; x_wconf 86' lang='lat' dir='ltr'>erat</span> <span class='ocrx_word' id='word_1_122' title='bbox 1760 714 1840 746; x_wconf 90' lang='lat' dir='ltr'>data</span> <span class='ocrx_word' id='word_1_123' title='bbox 1857 721 1890 746; x_wconf 93' lang='lat' dir='ltr'>et</span> <span class='ocrx_word' id='word_1_124' title='bbox 1907 714 2147 746; x_wconf 87' lang='lat' dir='ltr'>commendata</span> 
     </span>
     <span class='ocr_line' id='line_1_13' title="bbox 306 764 2146 808; baseline 0.001 -12"><span class='ocrx_word' id='word_1_125' title='bbox 306 764 445 796; x_wconf 85' lang='lat' dir='ltr'>Feraria</span> <span class='ocrx_word' id='word_1_126' title='bbox 469 764 512 795; x_wconf 91' lang='lat' dir='ltr'>ab</span> <span class='ocrx_word' id='word_1_127' title='bbox 537 764 703 796; x_wconf 88' lang='lat' dir='ltr'>Ecclesia.</span> <span class='ocrx_word' id='word_1_128' title='bbox 750 765 789 796; x_wconf 90' lang='lat' dir='ltr'>In</span> <span class='ocrx_word' id='word_1_129' title='bbox 806 775 873 806; x_wconf 89' lang='lat' dir='ltr'>qua</span> <span class='ocrx_word' id='word_1_130' title='bbox 890 765 1125 796; x_wconf 88' lang='lat' dir='ltr'>commocione</span> <span class='ocrx_word' id='word_1_131' title='bbox 1144 771 1177 796; x_wconf 90' lang='lat' dir='ltr'>et</span> <span class='ocrx_word' id='word_1_132' title='bbox 1193 765 1314 796; x_wconf 88' lang='lat' dir='ltr'>timore</span> <span class='ocrx_word' id='word_1_133' title='bbox 1335 765 1475 797; x_wconf 84' lang='lat' dir='ltr'>fuerunt</span> <span class='ocrx_word' id='word_1_134' title='bbox 1492 766 1599 808; x_wconf 85' lang='lat' dir='ltr'>aliqui</span> <span class='ocrx_word' id='word_1_135' title='bbox 1616 767 1793 798; x_wconf 87' lang='lat' dir='ltr'>interfecti</span> <span class='ocrx_word' id='word_1_136' title='bbox 1819 767 1862 798; x_wconf 92' lang='lat' dir='ltr'>de</span> <span class='ocrx_word' id='word_1_137' title='bbox 1887 767 2146 799; x_wconf 80' lang='lat' dir='ltr'>Ferariensibus</span> 
     </span>
     <span class='ocr_line' id='line_1_14' title="bbox 306 817 2212 862; baseline 0.001 -13"><span class='ocrx_word' id='word_1_138' title='bbox 306 823 339 850; x_wconf 91' lang='lat' dir='ltr'>et</span> <span class='ocrx_word' id='word_1_139' title='bbox 363 818 476 859; x_wconf 86' lang='lat' dir='ltr'>plures</span> <span class='ocrx_word' id='word_1_140' title='bbox 501 817 543 849; x_wconf 93' lang='lat' dir='ltr'>de</span> <span class='ocrx_word' id='word_1_141' title='bbox 570 818 788 849; x_wconf 87' lang='lat' dir='ltr'>Vasconibus</span> <span class='ocrx_word' id='word_1_142' title='bbox 811 824 845 849; x_wconf 88' lang='lat' dir='ltr'>et</span> <span class='ocrx_word' id='word_1_143' title='bbox 868 819 1008 850; x_wconf 90' lang='lat' dir='ltr'>omnino</span> <span class='ocrx_word' id='word_1_144' title='bbox 1033 819 1173 850; x_wconf 85' lang='lat' dir='ltr'>fuerunt</span> <span class='ocrx_word' id='word_1_145' title='bbox 1198 818 1330 860; x_wconf 84' lang='lat' dir='ltr'>expulsi</span> <span class='ocrx_word' id='word_1_146' title='bbox 1348 819 1391 850; x_wconf 90' lang='lat' dir='ltr'>de</span> <span class='ocrx_word' id='word_1_147' title='bbox 1409 819 1546 850; x_wconf 89' lang='lat' dir='ltr'>civitate</span> <span class='ocrx_word' id='word_1_148' title='bbox 1564 826 1597 850; x_wconf 91' lang='lat' dir='ltr'>et</span> <span class='ocrx_word' id='word_1_149' title='bbox 1613 826 1762 851; x_wconf 86' lang='lat' dir='ltr'>castrum</span> <span class='ocrx_word' id='word_1_150' title='bbox 1785 819 2002 851; x_wconf 87' lang='lat' dir='ltr'>Theba&#39;dum</span> <span class='ocrx_word' id='word_1_151' title='bbox 2027 820 2062 851; x_wconf 92' lang='lat' dir='ltr'>in</span> <span class='ocrx_word' id='word_1_152' title='bbox 2077 830 2145 862; x_wconf 92' lang='lat' dir='ltr'>quo</span> <span class='ocrx_word' id='word_1_153' title='bbox 2174 820 2212 850; x_wconf 87' lang='lat'>10</span> 
     </span>
     <span class='ocr_line' id='line_1_15' title="bbox 305 870 2146 914; baseline 0.001 -12"><span class='ocrx_word' id='word_1_154' title='bbox 305 870 452 907; x_wconf 75' lang='lat' dir='ltr'>stabant,</span> <span class='ocrx_word' id='word_1_155' title='bbox 476 870 633 902; x_wconf 74' lang='lat' dir='ltr'>funditus</span> <span class='ocrx_word' id='word_1_156' title='bbox 658 871 871 902; x_wconf 88' lang='lat' dir='ltr'>combustum</span> <span class='ocrx_word' id='word_1_157' title='bbox 898 878 931 903; x_wconf 84' lang='lat' dir='ltr'>et</span> <span class='ocrx_word' id='word_1_158' title='bbox 954 872 1173 908; x_wconf 88' lang='lat' dir='ltr'>destructum,</span> <span class='ocrx_word' id='word_1_159' title='bbox 1200 872 1281 913; x_wconf 88' lang='lat' dir='ltr'>quia</span> <span class='ocrx_word' id='word_1_160' title='bbox 1307 878 1379 903; x_wconf 90' lang='lat' dir='ltr'>erat</span> <span class='ocrx_word' id='word_1_161' title='bbox 1411 871 1446 902; x_wconf 91' lang='lat' dir='ltr'>in</span> <span class='ocrx_word' id='word_1_162' title='bbox 1463 872 1674 910; x_wconf 87' lang='lat' dir='ltr'>scandalum,</span> <span class='ocrx_word' id='word_1_163' title='bbox 1703 872 1863 904; x_wconf 91' lang='lat' dir='ltr'>damnum</span> <span class='ocrx_word' id='word_1_164' title='bbox 1881 879 1915 904; x_wconf 90' lang='lat' dir='ltr'>et</span> <span class='ocrx_word' id='word_1_165' title='bbox 1941 873 2146 914; x_wconf 87' lang='lat' dir='ltr'>vituperium</span> 
     </span>
     <span class='ocr_line' id='line_1_16' title="bbox 303 922 2146 962; baseline 0.001 -6"><span class='ocrx_word' id='word_1_166' title='bbox 303 923 556 956; x_wconf 88' lang='lat' dir='ltr'>Ferariensium</span> <span class='ocrx_word' id='word_1_167' title='bbox 569 922 591 954; x_wconf 68' lang='lat'>⁹.</span> <span class='ocrx_word' id='word_1_168' title='bbox 640 923 683 955; x_wconf 91' lang='lat' dir='ltr'>Et</span> <span class='ocrx_word' id='word_1_169' title='bbox 700 929 780 955; x_wconf 88' lang='lat' dir='ltr'>tunc</span> <span class='ocrx_word' id='word_1_170' title='bbox 798 923 1020 955; x_wconf 90' lang='lat' dir='ltr'>Marchiones</span> <span class='ocrx_word' id='word_1_171' title='bbox 1036 924 1122 956; x_wconf 77' lang='lat' dir='ltr'>facti</span> <span class='ocrx_word' id='word_1_172' title='bbox 1140 924 1279 955; x_wconf 77' lang='lat' dir='ltr'>fuerunt</span> <span class='ocrx_word' id='word_1_173' title='bbox 1303 924 1443 956; x_wconf 90' lang='lat' dir='ltr'>Domini</span> <span class='ocrx_word' id='word_1_174' title='bbox 1470 924 1619 956; x_wconf 71' lang='lat' dir='ltr'>civitatis</span> <span class='ocrx_word' id='word_1_175' title='bbox 1642 926 1670 957; x_wconf 92' lang='lat' dir='ltr'><strong>F</strong></span> <span class='ocrx_word' id='word_1_176' title='bbox 1672 925 1814 962; x_wconf 89' lang='lat' dir='ltr'>erariae,</span> <span class='ocrx_word' id='word_1_177' title='bbox 1831 925 1964 957; x_wconf 85' lang='lat' dir='ltr'>scilicet</span> <span class='ocrx_word' id='word_1_178' title='bbox 1980 926 2067 957; x_wconf 87' lang='lat' dir='ltr'>filius</span> <span class='ocrx_word' id='word_1_179' title='bbox 2084 925 2146 957; x_wconf 92' lang='lat' dir='ltr'>do-</span> 
     </span>
     <span class='ocr_line' id='line_1_17' title="bbox 303 976 2148 1022; baseline 0.001 -15"><span class='ocrx_word' id='word_1_180' title='bbox 303 977 384 1007; x_wconf 91' lang='lat' dir='ltr'>mini</span> <span class='ocrx_word' id='word_1_181' title='bbox 408 976 582 1008; x_wconf 86' lang='lat' dir='ltr'>Francisci</span> <span class='ocrx_word' id='word_1_182' title='bbox 609 982 643 1007; x_wconf 88' lang='lat' dir='ltr'>et</span> <span class='ocrx_word' id='word_1_183' title='bbox 666 976 726 1007; x_wconf 90' lang='lat' dir='ltr'>filii</span> <span class='ocrx_word' id='word_1_184' title='bbox 751 977 879 1008; x_wconf 88' lang='lat' dir='ltr'>domini</span> <span class='ocrx_word' id='word_1_185' title='bbox 905 976 1159 1008; x_wconf 90' lang='lat' dir='ltr'>Aldobrandini</span> <span class='ocrx_word' id='word_1_186' title='bbox 1185 978 1228 1009; x_wconf 92' lang='lat' dir='ltr'>de</span> <span class='ocrx_word' id='word_1_187' title='bbox 1250 978 1342 1009; x_wconf 90' lang='lat' dir='ltr'>Este.</span> <span class='ocrx_word' id='word_1_188' title='bbox 1390 977 1521 1009; x_wconf 87' lang='lat' dir='ltr'>Eodem</span> <span class='ocrx_word' id='word_1_189' title='bbox 1538 978 1715 1010; x_wconf 89' lang='lat' dir='ltr'>millesimo</span> <span class='ocrx_word' id='word_1_190' title='bbox 1740 979 1782 1009; x_wconf 89' lang='lat' dir='ltr'>de</span> <span class='ocrx_word' id='word_1_191' title='bbox 1805 989 1920 1010; x_wconf 90' lang='lat' dir='ltr'>mense</span> <span class='ocrx_word' id='word_1_192' title='bbox 1944 979 2148 1022; x_wconf 84' lang='lat' dir='ltr'>septembris</span> 
     </span>
     <span class='ocr_line' id='line_1_18' title="bbox 304 1023 2148 1072; baseline 0 -11"><span class='ocrx_word' id='word_1_193' title='bbox 304 1029 396 1061; x_wconf 77' lang='lat' dir='ltr'>facta</span> <span class='ocrx_word' id='word_1_194' title='bbox 420 1029 486 1060; x_wconf 84' lang='lat' dir='ltr'>fuit</span> <span class='ocrx_word' id='word_1_195' title='bbox 509 1039 578 1070; x_wconf 85' lang='lat' dir='ltr'>pax</span> <span class='ocrx_word' id='word_1_196' title='bbox 601 1029 691 1060; x_wconf 92' lang='lat' dir='ltr'>inter</span> <span class='ocrx_word' id='word_1_197' title='bbox 720 1029 891 1060; x_wconf 91' lang='lat' dir='ltr'>dominum</span> <span class='ocrx_word' id='word_1_198' title='bbox 918 1029 1094 1061; x_wconf 85' lang='lat' dir='ltr'>Gibertum</span> <span class='ocrx_word' id='word_1_199' title='bbox 1127 1030 1170 1061; x_wconf 89' lang='lat' dir='ltr'>de</span> <span class='ocrx_word' id='word_1_200' title='bbox 1201 1030 1340 1072; x_wconf 83' lang='lat' dir='ltr'>Corigia</span> <span class='ocrx_word' id='word_1_201' title='bbox 1373 1031 1599 1062; x_wconf 86' lang='lat' dir='ltr'>extrinsecum</span> <span class='ocrx_word' id='word_1_202' title='bbox 1631 1030 1773 1062; x_wconf 88' lang='lat' dir='ltr'>Parmae</span> <span class='ocrx_word' id='word_1_203' title='bbox 1805 1038 1839 1064; x_wconf 88' lang='lat' dir='ltr'>et</span> <span class='ocrx_word' id='word_1_204' title='bbox 1869 1023 2072 1063; x_wconf 79' lang='lat' dir='ltr'>Parmenses</span> <span class='ocrx_word' id='word_1_205' title='bbox 2096 1030 2148 1061; x_wconf 92' lang='lat' dir='ltr'>in-</span> 
     </span>
     <span class='ocr_line' id='line_1_19' title="bbox 302 1081 2213 1126; baseline 0.001 -13"><span class='ocrx_word' id='word_1_206' title='bbox 302 1082 469 1113; x_wconf 88' lang='lat' dir='ltr'>trinsecos</span> <span class='ocrx_word' id='word_1_207' title='bbox 487 1082 601 1113; x_wconf 90' lang='lat' dir='ltr'>dictae</span> <span class='ocrx_word' id='word_1_208' title='bbox 619 1081 766 1113; x_wconf 84' lang='lat' dir='ltr'>civitatis</span> <span class='ocrx_word' id='word_1_209' title='bbox 778 1082 800 1114; x_wconf 72' lang='lat'>⁴.</span> <span class='ocrx_word' id='word_1_210' title='bbox 847 1082 977 1114; x_wconf 92' lang='lat' dir='ltr'>Eodem</span> <span class='ocrx_word' id='word_1_211' title='bbox 995 1083 1175 1114; x_wconf 84' lang='lat' dir='ltr'>millesimo</span> <span class='ocrx_word' id='word_1_212' title='bbox 1193 1082 1248 1114; x_wconf 91' lang='lat' dir='ltr'>die</span> <span class='ocrx_word' id='word_1_213' title='bbox 1265 1083 1423 1114; x_wconf 91' lang='lat' dir='ltr'>mercurii</span> <span class='ocrx_word' id='word_1_214' title='bbox 1446 1083 1540 1126; x_wconf 84' lang='lat' dir='ltr'>xviiij</span> <span class='ocrx_word' id='word_1_215' title='bbox 1566 1082 1716 1115; x_wconf 88' lang='lat' dir='ltr'>octobris</span> <span class='ocrx_word' id='word_1_216' title='bbox 1732 1090 1898 1116; x_wconf 87' lang='lat' dir='ltr'>venerunt</span> <span class='ocrx_word' id='word_1_217' title='bbox 1915 1084 2149 1116; x_wconf 79' lang='lat' dir='ltr'>Bononierses</span> <span class='ocrx_word' id='word_1_218' title='bbox 2177 1083 2213 1114; x_wconf 87' lang='grc'>15</span> 
     </span>
     <span class='ocr_line' id='line_1_20' title="bbox 302 1134 2148 1177; baseline 0.001 -12"><span class='ocrx_word' id='word_1_219' title='bbox 302 1135 434 1177; x_wconf 83' lang='lat' dir='ltr'>pedites</span> <span class='ocrx_word' id='word_1_220' title='bbox 460 1140 492 1166; x_wconf 86' lang='lat' dir='ltr'>et</span> <span class='ocrx_word' id='word_1_221' title='bbox 516 1134 649 1176; x_wconf 83' lang='lat' dir='ltr'>equites</span> <span class='ocrx_word' id='word_1_222' title='bbox 673 1146 777 1177; x_wconf 89' lang='lat' dir='ltr'>super</span> <span class='ocrx_word' id='word_1_223' title='bbox 801 1135 1008 1167; x_wconf 88' lang='lat' dir='ltr'>territorium</span> <span class='ocrx_word' id='word_1_224' title='bbox 1032 1135 1186 1166; x_wconf 90' lang='lat' dir='ltr'>Mutinae</span> <span class='ocrx_word' id='word_1_225' title='bbox 1211 1142 1244 1167; x_wconf 89' lang='lat' dir='ltr'>et</span> <span class='ocrx_word' id='word_1_226' title='bbox 1269 1135 1519 1168; x_wconf 82' lang='lat' dir='ltr'>combuxerunt</span> <span class='ocrx_word' id='word_1_227' title='bbox 1542 1136 1672 1177; x_wconf 89' lang='lat' dir='ltr'>aliquas</span> <span class='ocrx_word' id='word_1_228' title='bbox 1698 1136 1817 1168; x_wconf 85' lang='lat' dir='ltr'>domus</span> <span class='ocrx_word' id='word_1_229' title='bbox 1834 1137 1867 1168; x_wconf 89' lang='lat' dir='ltr'>in</span> <span class='ocrx_word' id='word_1_230' title='bbox 1885 1137 1964 1168; x_wconf 89' lang='lat' dir='ltr'>villa</span> <span class='ocrx_word' id='word_1_231' title='bbox 1981 1136 2148 1174; x_wconf 88' lang='lat' dir='ltr'>Albareti,</span> 
     </span>
     <span class='ocr_line' id='line_1_21' title="bbox 302 1188 2149 1226; baseline 0.001 -7"><span class='ocrx_word' id='word_1_232' title='bbox 302 1188 468 1219; x_wconf 82' lang='lat' dir='ltr'>existente</span> <span class='ocrx_word' id='word_1_233' title='bbox 483 1188 635 1219; x_wconf 87' lang='lat' dir='ltr'>exercitu</span> <span class='ocrx_word' id='word_1_234' title='bbox 649 1188 778 1220; x_wconf 83' lang='lat' dir='ltr'>domini</span> <span class='ocrx_word' id='word_1_235' title='bbox 795 1188 901 1220; x_wconf 89' lang='lat' dir='ltr'>Canis</span> <span class='ocrx_word' id='word_1_236' title='bbox 918 1188 1009 1220; x_wconf 91' lang='lat' dir='ltr'>della</span> <span class='ocrx_word' id='word_1_237' title='bbox 1027 1188 1129 1220; x_wconf 87' lang='lat' dir='ltr'>Scala</span> <span class='ocrx_word' id='word_1_238' title='bbox 1147 1195 1180 1220; x_wconf 91' lang='lat' dir='ltr'>et</span> <span class='ocrx_word' id='word_1_239' title='bbox 1197 1189 1326 1220; x_wconf 91' lang='lat' dir='ltr'>domini</span> <span class='ocrx_word' id='word_1_240' title='bbox 1344 1189 1514 1221; x_wconf 64' lang='lat' dir='ltr'>Passarini</span> <span class='ocrx_word' id='word_1_241' title='bbox 1533 1189 1651 1221; x_wconf 82' lang='lat' dir='ltr'>circha</span> <span class='ocrx_word' id='word_1_242' title='bbox 1667 1189 1873 1222; x_wconf 86' lang='lat' dir='ltr'>Cremonam</span> <span class='ocrx_word' id='word_1_243' title='bbox 1885 1202 1892 1226; x_wconf 90' lang='grc'><strong>;</strong></span> <span class='ocrx_word' id='word_1_244' title='bbox 1906 1197 1939 1222; x_wconf 94' lang='lat' dir='ltr'>et</span> <span class='ocrx_word' id='word_1_245' title='bbox 1953 1190 2073 1221; x_wconf 90' lang='lat' dir='ltr'>eadem</span> <span class='ocrx_word' id='word_1_246' title='bbox 2092 1189 2149 1221; x_wconf 89' lang='lat' dir='ltr'>die</span> 
     </span>
     <span class='ocr_line' id='line_1_22' title="bbox 301 1240 2149 1284; baseline 0.001 -13"><span class='ocrx_word' id='word_1_247' title='bbox 301 1241 481 1272; x_wconf 89' lang='lat' dir='ltr'>redierunt</span> <span class='ocrx_word' id='word_1_248' title='bbox 506 1240 737 1272; x_wconf 65' lang='lat' dir='ltr'>Nonanrfflam</span> <span class='ocrx_word' id='word_1_249' title='bbox 761 1247 794 1272; x_wconf 91' lang='lat' dir='ltr'>et</span> <span class='ocrx_word' id='word_1_250' title='bbox 818 1242 875 1272; x_wconf 92' lang='lat' dir='ltr'>die</span> <span class='ocrx_word' id='word_1_251' title='bbox 900 1241 1055 1284; x_wconf 87' lang='lat' dir='ltr'>sequenti</span> <span class='ocrx_word' id='word_1_252' title='bbox 1081 1248 1115 1273; x_wconf 91' lang='lat' dir='ltr'>et</span> <span class='ocrx_word' id='word_1_253' title='bbox 1140 1242 1266 1273; x_wconf 87' lang='lat' dir='ltr'>cotidie</span> <span class='ocrx_word' id='word_1_254' title='bbox 1289 1252 1396 1284; x_wconf 90' lang='lat' dir='ltr'>usque</span> <span class='ocrx_word' id='word_1_255' title='bbox 1422 1242 1466 1273; x_wconf 90' lang='lat' dir='ltr'>ad</span> <span class='ocrx_word' id='word_1_256' title='bbox 1490 1243 1634 1274; x_wconf 70' lang='lat' dir='ltr'>alterum</span> <span class='ocrx_word' id='word_1_257' title='bbox 1664 1242 1757 1274; x_wconf 91' lang='lat' dir='ltr'>diem</span> <span class='ocrx_word' id='word_1_258' title='bbox 1781 1243 1940 1274; x_wconf 90' lang='lat' dir='ltr'>mercurii</span> <span class='ocrx_word' id='word_1_259' title='bbox 1971 1243 2149 1275; x_wconf 89' lang='lat' dir='ltr'>redierunt</span> 
     </span>
     <span class='ocr_line' id='line_1_23' title="bbox 301 1293 2147 1337; baseline 0.001 -13"><span class='ocrx_word' id='word_1_260' title='bbox 301 1294 335 1325; x_wconf 88' lang='lat' dir='ltr'>in</span> <span class='ocrx_word' id='word_1_261' title='bbox 360 1293 541 1325; x_wconf 86' lang='lat' dir='ltr'>territoriis</span> <span class='ocrx_word' id='word_1_262' title='bbox 565 1293 718 1325; x_wconf 87' lang='lat' dir='ltr'>Mutinae</span> <span class='ocrx_word' id='word_1_263' title='bbox 747 1294 989 1335; x_wconf 81' lang='lat' dir='ltr'>dapniticando</span> <span class='ocrx_word' id='word_1_264' title='bbox 1020 1301 1053 1326; x_wconf 91' lang='lat' dir='ltr'>et</span> <span class='ocrx_word' id='word_1_265' title='bbox 1077 1294 1201 1326; x_wconf 89' lang='lat' dir='ltr'>multos</span> <span class='ocrx_word' id='word_1_266' title='bbox 1226 1296 1431 1327; x_wconf 90' lang='lat' dir='ltr'>occiderunt</span> <span class='ocrx_word' id='word_1_267' title='bbox 1463 1302 1496 1327; x_wconf 91' lang='lat' dir='ltr'>et</span> <span class='ocrx_word' id='word_1_268' title='bbox 1526 1295 1609 1327; x_wconf 87' lang='lat' dir='ltr'>alios</span> <span class='ocrx_word' id='word_1_269' title='bbox 1642 1301 1809 1337; x_wconf 88' lang='lat' dir='ltr'>ceperunt</span> <span class='ocrx_word' id='word_1_270' title='bbox 1839 1302 1873 1328; x_wconf 87' lang='lat' dir='ltr'>et</span> <span class='ocrx_word' id='word_1_271' title='bbox 1902 1295 2147 1327; x_wconf 82' lang='lat' dir='ltr'>combuxerunt</span> 
     </span>
     <span class='ocr_line' id='line_1_24' title="bbox 302 1346 2212 1392; baseline 0.001 -15"><span class='ocrx_word' id='word_1_272' title='bbox 302 1347 435 1388; x_wconf 90' lang='lat' dir='ltr'>aliquas</span> <span class='ocrx_word' id='word_1_273' title='bbox 459 1347 578 1378; x_wconf 90' lang='lat' dir='ltr'>domos</span> <span class='ocrx_word' id='word_1_274' title='bbox 601 1347 636 1377; x_wconf 89' lang='lat' dir='ltr'>in</span> <span class='ocrx_word' id='word_1_275' title='bbox 653 1346 794 1378; x_wconf 87' lang='lat' dir='ltr'>diversis</span> <span class='ocrx_word' id='word_1_276' title='bbox 810 1347 900 1379; x_wconf 89' lang='lat' dir='ltr'>villis</span> <span class='ocrx_word' id='word_1_277' title='bbox 925 1354 958 1379; x_wconf 93' lang='lat' dir='ltr'>et</span> <span class='ocrx_word' id='word_1_278' title='bbox 983 1347 1083 1379; x_wconf 89' lang='lat' dir='ltr'>dictis</span> <span class='ocrx_word' id='word_1_279' title='bbox 1099 1347 1220 1379; x_wconf 87' lang='lat' dir='ltr'>diebus</span> <span class='ocrx_word' id='word_1_280' title='bbox 1236 1348 1487 1380; x_wconf 85' lang='lat' dir='ltr'>Mutinensibus</span> <span class='ocrx_word' id='word_1_281' title='bbox 1514 1359 1639 1392; x_wconf 87' lang='lat' dir='ltr'>magna</span> <span class='ocrx_word' id='word_1_282' title='bbox 1662 1349 1777 1390; x_wconf 89' lang='lat' dir='ltr'>dapna</span> <span class='ocrx_word' id='word_1_283' title='bbox 1800 1348 1986 1381; x_wconf 83' lang='lat' dir='ltr'>intulerunt</span> <span class='ocrx_word' id='word_1_284' title='bbox 2010 1349 2044 1380; x_wconf 92' lang='lat' dir='ltr'>in</span> <span class='ocrx_word' id='word_1_285' title='bbox 2068 1359 2146 1390; x_wconf 86' lang='lat' dir='ltr'>per·</span> <span class='ocrx_word' id='word_1_286' title='bbox 2172 1349 2212 1379; x_wconf 87' lang='grc'>20</span> 
     </span>
     <span class='ocr_line' id='line_1_25' title="bbox 303 1398 2150 1443; baseline 0.001 -13"><span class='ocrx_word' id='word_1_287' title='bbox 303 1400 394 1430; x_wconf 88' lang='lat' dir='ltr'>sonis</span> <span class='ocrx_word' id='word_1_288' title='bbox 418 1405 451 1430; x_wconf 92' lang='lat' dir='ltr'>et</span> <span class='ocrx_word' id='word_1_289' title='bbox 473 1398 575 1430; x_wconf 86' lang='lat' dir='ltr'>rebus</span> <span class='ocrx_word' id='word_1_290' title='bbox 588 1399 608 1430; x_wconf 82' lang='lat'>⁵.</span> <span class='ocrx_word' id='word_1_291' title='bbox 655 1399 788 1430; x_wconf 88' lang='lat' dir='ltr'>Eodem</span> <span class='ocrx_word' id='word_1_292' title='bbox 812 1400 991 1432; x_wconf 87' lang='lat' dir='ltr'>millesimo</span> <span class='ocrx_word' id='word_1_293' title='bbox 1017 1400 1060 1432; x_wconf 92' lang='lat' dir='ltr'>de</span> <span class='ocrx_word' id='word_1_294' title='bbox 1084 1411 1199 1432; x_wconf 90' lang='lat' dir='ltr'>mense</span> <span class='ocrx_word' id='word_1_295' title='bbox 1223 1401 1416 1433; x_wconf 85' lang='lat' dir='ltr'>decembris</span> <span class='ocrx_word' id='word_1_296' title='bbox 1441 1401 1600 1433; x_wconf 89' lang='lat' dir='ltr'>dominus</span> <span class='ocrx_word' id='word_1_297' title='bbox 1625 1401 1729 1433; x_wconf 88' lang='lat' dir='ltr'>Canis</span> <span class='ocrx_word' id='word_1_298' title='bbox 1747 1402 1838 1433; x_wconf 91' lang='lat' dir='ltr'>della</span> <span class='ocrx_word' id='word_1_299' title='bbox 1855 1401 1956 1434; x_wconf 85' lang='lat' dir='ltr'>Scala</span> <span class='ocrx_word' id='word_1_300' title='bbox 1972 1401 2033 1433; x_wconf 88' lang='lat' dir='ltr'>ivit</span> <span class='ocrx_word' id='word_1_301' title='bbox 2048 1411 2150 1443; x_wconf 90' lang='lat' dir='ltr'>super</span> 
     </span>
     <span class='ocr_line' id='line_1_26' title="bbox 302 1452 2147 1497; baseline 0.001 -13"><span class='ocrx_word' id='word_1_302' title='bbox 302 1452 511 1484; x_wconf 90' lang='lat' dir='ltr'>territorium</span> <span class='ocrx_word' id='word_1_303' title='bbox 536 1452 731 1493; x_wconf 89' lang='lat' dir='ltr'>paduanum</span> <span class='ocrx_word' id='word_1_304' title='bbox 756 1462 832 1483; x_wconf 92' lang='lat' dir='ltr'>cum</span> <span class='ocrx_word' id='word_1_305' title='bbox 857 1454 1011 1485; x_wconf 86' lang='lat' dir='ltr'>exercitu</span> <span class='ocrx_word' id='word_1_306' title='bbox 1035 1464 1096 1484; x_wconf 92' lang='lat' dir='ltr'>suo</span> <span class='ocrx_word' id='word_1_307' title='bbox 1122 1460 1155 1485; x_wconf 92' lang='lat' dir='ltr'>et</span> <span class='ocrx_word' id='word_1_308' title='bbox 1180 1454 1237 1485; x_wconf 90' lang='lat' dir='ltr'>die</span> <span class='ocrx_word' id='word_1_309' title='bbox 1255 1455 1415 1485; x_wconf 88' lang='lat' dir='ltr'>mercurii</span> <span class='ocrx_word' id='word_1_310' title='bbox 1438 1455 1492 1497; x_wconf 80' lang='lat' dir='ltr'>xxj</span> <span class='ocrx_word' id='word_1_311' title='bbox 1520 1454 1715 1487; x_wconf 84' lang='lat' dir='ltr'>decembris</span> <span class='ocrx_word' id='word_1_312' title='bbox 1738 1455 1773 1486; x_wconf 91' lang='lat' dir='ltr'>in</span> <span class='ocrx_word' id='word_1_313' title='bbox 1791 1455 1846 1486; x_wconf 88' lang='lat' dir='ltr'>die</span> <span class='ocrx_word' id='word_1_314' title='bbox 1864 1455 1973 1486; x_wconf 87' lang='lat' dir='ltr'>sancti</span> <span class='ocrx_word' id='word_1_315' title='bbox 1990 1454 2147 1486; x_wconf 90' lang='lat' dir='ltr'>Thomae</span> 
     </span>
     <span class='ocr_line' id='line_1_27' title="bbox 303 1504 2150 1550; baseline 0.001 -14"><span class='ocrx_word' id='word_1_316' title='bbox 303 1505 440 1547; x_wconf 89' lang='lat' dir='ltr'>accepit</span> <span class='ocrx_word' id='word_1_317' title='bbox 463 1504 649 1547; x_wconf 87' lang='lat' dir='ltr'>habuitque</span> <span class='ocrx_word' id='word_1_318' title='bbox 673 1505 819 1546; x_wconf 87' lang='lat' dir='ltr'>pacifice</span> <span class='ocrx_word' id='word_1_319' title='bbox 842 1516 905 1548; x_wconf 90' lang='lat' dir='ltr'>per</span> <span class='ocrx_word' id='word_1_320' title='bbox 929 1506 1153 1539; x_wconf 88' lang='lat' dir='ltr'>concordiam</span> <span class='ocrx_word' id='word_1_321' title='bbox 1179 1513 1327 1538; x_wconf 89' lang='lat' dir='ltr'>castrum</span> <span class='ocrx_word' id='word_1_322' title='bbox 1351 1508 1444 1550; x_wconf 90' lang='lat' dir='ltr'>quod</span> <span class='ocrx_word' id='word_1_323' title='bbox 1468 1515 1614 1539; x_wconf 86' lang='lat' dir='ltr'>vocatur</span> <span class='ocrx_word' id='word_1_324' title='bbox 1636 1508 1906 1550; x_wconf 84' lang='lat' dir='ltr'>Montagnanam</span> <span class='ocrx_word' id='word_1_325' title='bbox 1923 1514 1957 1539; x_wconf 89' lang='lat' dir='ltr'>et</span> <span class='ocrx_word' id='word_1_326' title='bbox 1980 1507 2036 1539; x_wconf 91' lang='lat' dir='ltr'>die</span> <span class='ocrx_word' id='word_1_327' title='bbox 2061 1506 2150 1539; x_wconf 86' lang='lat' dir='ltr'>iovis</span> 
     </span>
    </p>
   </div>
   <div class='ocr_carea' id='block_1_6' title="bbox 301 1670 2150 2170">
    <p class='ocr_par' dir='ltr' id='par_1_6' title="bbox 301 1670 2150 2170">
     <span class='ocr_line' id='line_1_28' title="bbox 395 1670 2144 1704; baseline 0.001 -10"><span class='ocrx_word' id='word_1_328' title='bbox 395 1678 415 1695; x_wconf 93' lang='lat'>1.</span> <span class='ocrx_word' id='word_1_329' title='bbox 436 1670 586 1702; x_wconf 82' lang='lat' dir='ltr'>comitiva]</span> <span class='ocrx_word' id='word_1_330' title='bbox 616 1671 754 1695; x_wconf 82' lang='lat' dir='ltr'>continua</span> <span class='ocrx_word' id='word_1_331' title='bbox 779 1672 821 1699; x_wconf 61' lang='lat' dir='ltr'>A„</span> <span class='ocrx_word' id='word_1_332' title='bbox 848 1671 934 1700; x_wconf 60' lang='lat' dir='ltr'>MUR„</span> <span class='ocrx_word' id='word_1_333' title='bbox 956 1672 999 1696; x_wconf 89' lang='lat' dir='ltr'>Cr.</span> <span class='ocrx_word' id='word_1_334' title='bbox 1020 1684 1031 1690; x_wconf 94' lang='lat'>-</span> <span class='ocrx_word' id='word_1_335' title='bbox 1051 1671 1262 1695; x_wconf 81' lang='lat' dir='ltr'>reformandum</span> <span class='ocrx_word' id='word_1_336' title='bbox 1288 1671 1364 1696; x_wconf 68' lang='lat' dir='ltr'>Mun.</span> <span class='ocrx_word' id='word_1_337' title='bbox 1386 1685 1419 1689; x_wconf 96' lang='lat'><strong>—</strong></span> <span class='ocrx_word' id='word_1_338' title='bbox 1441 1678 1463 1696; x_wconf 80' lang='lat'>2.</span> <span class='ocrx_word' id='word_1_339' title='bbox 1487 1672 1619 1696; x_wconf 85' lang='lat' dir='ltr'>dominus</span> <span class='ocrx_word' id='word_1_340' title='bbox 1638 1680 1686 1696; x_wconf 87' lang='lat' dir='ltr'>om.</span> <span class='ocrx_word' id='word_1_341' title='bbox 1709 1672 1754 1697; x_wconf 88' lang='lat' dir='ltr'>Cr.</span> <span class='ocrx_word' id='word_1_342' title='bbox 1776 1685 1807 1689; x_wconf 89' lang='lat'><strong>—</strong></span> <span class='ocrx_word' id='word_1_343' title='bbox 1828 1680 1852 1704; x_wconf 84' lang='lat'>3.</span> <span class='ocrx_word' id='word_1_344' title='bbox 1872 1679 1905 1696; x_wconf 89' lang='lat' dir='ltr'>eo</span> <span class='ocrx_word' id='word_1_345' title='bbox 1926 1680 1993 1703; x_wconf 72' lang='lat' dir='ltr'>agg.</span> <span class='ocrx_word' id='word_1_346' title='bbox 2014 1671 2091 1696; x_wconf 78' lang='lat' dir='ltr'>th.</span> <span class='ocrx_word' id='word_1_347' title='bbox 2113 1685 2144 1688; x_wconf 96' lang='lat'><strong>—</strong></span> 
     </span>
     <span class='ocr_line' id='line_1_29' title="bbox 304 1713 2150 1745; baseline 0.001 -9"><span class='ocrx_word' id='word_1_348' title='bbox 304 1721 327 1744; x_wconf 93' lang='lat'>4.</span> <span class='ocrx_word' id='word_1_349' title='bbox 346 1719 366 1737; x_wconf 86' lang='lat' dir='ltr'>x</span> <span class='ocrx_word' id='word_1_350' title='bbox 384 1713 509 1745; x_wconf 85' lang='lat' dir='ltr'>augusti]</span> <span class='ocrx_word' id='word_1_351' title='bbox 530 1720 545 1745; x_wconf 86' lang='lat'>3</span> <span class='ocrx_word' id='word_1_352' title='bbox 565 1713 678 1745; x_wconf 75' lang='lat' dir='ltr'>augusti</span> <span class='ocrx_word' id='word_1_353' title='bbox 691 1713 735 1743; x_wconf 62' lang='lat' dir='ltr'>A„</span> <span class='ocrx_word' id='word_1_354' title='bbox 756 1713 843 1744; x_wconf 53' lang='lat' dir='ltr'>MUR„</span> <span class='ocrx_word' id='word_1_355' title='bbox 866 1714 925 1741; x_wconf 75' lang='lat' dir='ltr'>Cr.;</span> <span class='ocrx_word' id='word_1_356' title='bbox 946 1722 988 1737; x_wconf 82' lang='lat' dir='ltr'>ma</span> <span class='ocrx_word' id='word_1_357' title='bbox 1007 1715 1035 1737; x_wconf 86' lang='lat' dir='ltr'>Ia</span> <span class='ocrx_word' id='word_1_358' title='bbox 1049 1721 1147 1737; x_wconf 79' lang='lat' dir='ltr'>correz.</span> <span class='ocrx_word' id='word_1_359' title='bbox 1164 1717 1234 1743; x_wconf 81' lang='lat' dir='ltr'>pare</span> <span class='ocrx_word' id='word_1_360' title='bbox 1249 1714 1399 1737; x_wconf 79' lang='lat' dir='ltr'>necessaria</span> <span class='ocrx_word' id='word_1_361' title='bbox 1413 1718 1467 1744; x_wconf 78' lang='lat' dir='ltr'>per</span> <span class='ocrx_word' id='word_1_362' title='bbox 1486 1715 1509 1737; x_wconf 81' lang='lat' dir='ltr'>il</span> <span class='ocrx_word' id='word_1_363' title='bbox 1526 1722 1612 1738; x_wconf 76' lang='lat' dir='ltr'>senso:</span> <span class='ocrx_word' id='word_1_364' title='bbox 1634 1716 1661 1737; x_wconf 85' lang='lat' dir='ltr'>la</span> <span class='ocrx_word' id='word_1_365' title='bbox 1681 1715 1783 1737; x_wconf 77' lang='lat' dir='ltr'>rivalta</span> <span class='ocrx_word' id='word_1_366' title='bbox 1802 1714 1848 1738; x_wconf 80' lang='lat' dir='ltr'>dei</span> <span class='ocrx_word' id='word_1_367' title='bbox 1865 1714 2008 1738; x_wconf 72' lang='lat' dir='ltr'>Ferraresn·</span> <span class='ocrx_word' id='word_1_368' title='bbox 2025 1717 2113 1738; x_wconf 82' lang='lat' dir='ltr'>contro</span> <span class='ocrx_word' id='word_1_369' title='bbox 2127 1714 2150 1737; x_wconf 82' lang='lat' dir='ltr'>il</span> 
     </span>
     <span class='ocr_line' id='line_1_30' title="bbox 308 1755 2147 1789; baseline 0 -8"><span class='ocrx_word' id='word_1_370' title='bbox 308 1758 429 1788; x_wconf 75' lang='lat' dir='ltr'>presidio</span> <span class='ocrx_word' id='word_1_371' title='bbox 449 1758 575 1789; x_wconf 72' lang='lat' dir='ltr'>angioino</span> <span class='ocrx_word' id='word_1_372' title='bbox 588 1758 626 1789; x_wconf 83' lang='lat' dir='ltr'>fu</span> <span class='ocrx_word' id='word_1_373' title='bbox 646 1758 669 1781; x_wconf 82' lang='lat' dir='ltr'>il</span> <span class='ocrx_word' id='word_1_374' title='bbox 686 1765 702 1788; x_wconf 80' lang='lat'><em>4</em></span> <span class='ocrx_word' id='word_1_375' title='bbox 722 1761 816 1789; x_wconf 73' lang='lat' dir='ltr'>agosin</span> <span class='ocrx_word' id='word_1_376' title='bbox 836 1757 913 1788; x_wconf 78' lang='lat' dir='ltr'>(Chr.</span> <span class='ocrx_word' id='word_1_377' title='bbox 927 1757 985 1781; x_wconf 79' lang='lat' dir='ltr'>Est.</span> <span class='ocrx_word' id='word_1_378' title='bbox 1001 1758 1039 1781; x_wconf 83' lang='lat' dir='ltr'>ed.</span> <span class='ocrx_word' id='word_1_379' title='bbox 1053 1758 1097 1781; x_wconf 83' lang='lat' dir='ltr'>cit.</span> <span class='ocrx_word' id='word_1_380' title='bbox 1118 1765 1144 1789; x_wconf 86' lang='lat' dir='ltr'>p.</span> <span class='ocrx_word' id='word_1_381' title='bbox 1159 1756 1212 1789; x_wconf 80' lang='grc'>88),</span> <span class='ocrx_word' id='word_1_382' title='bbox 1225 1759 1316 1788; x_wconf 68' lang='lat' dir='ltr'>quintii</span> <span class='ocrx_word' id='word_1_383' title='bbox 1329 1759 1356 1781; x_wconf 86' lang='lat' dir='ltr'>la</span> <span class='ocrx_word' id='word_1_384' title='bbox 1365 1762 1500 1788; x_wconf 66' lang='lat' dir='ltr'>partenza</span> <span class='ocrx_word' id='word_1_385' title='bbox 1513 1759 1559 1782; x_wconf 81' lang='lat' dir='ltr'>del</span> <span class='ocrx_word' id='word_1_386' title='bbox 1571 1759 1722 1788; x_wconf 79' lang='lat' dir='ltr'>Bonacolsi,</span> <span class='ocrx_word' id='word_1_387' title='bbox 1736 1767 1762 1782; x_wconf 80' lang='lat' dir='ltr'>se</span> <span class='ocrx_word' id='word_1_388' title='bbox 1775 1759 1807 1787; x_wconf 79' lang='lat' dir='ltr'>fu</span> <span class='ocrx_word' id='word_1_389' title='bbox 1821 1758 1847 1781; x_wconf 84' lang='lat' dir='ltr'>in</span> <span class='ocrx_word' id='word_1_390' title='bbox 1862 1758 2011 1787; x_wconf 72' lang='lat' dir='ltr'>mercoledi,</span> <span class='ocrx_word' id='word_1_391' title='bbox 2026 1766 2074 1782; x_wconf 84' lang='lat' dir='ltr'>non</span> <span class='ocrx_word' id='word_1_392' title='bbox 2083 1755 2147 1788; x_wconf 55' lang='lat' dir='ltr'>pol&amp;</span> 
     </span>
     <span class='ocr_line' id='line_1_31' title="bbox 303 1800 2148 1834; baseline 0 -9"><span class='ocrx_word' id='word_1_393' title='bbox 303 1810 389 1826; x_wconf 78' lang='lat' dir='ltr'>essere</span> <span class='ocrx_word' id='word_1_394' title='bbox 408 1803 452 1825; x_wconf 79' lang='lat' dir='ltr'>che</span> <span class='ocrx_word' id='word_1_395' title='bbox 466 1803 509 1825; x_wconf 89' lang='lat' dir='ltr'>nel</span> <span class='ocrx_word' id='word_1_396' title='bbox 520 1803 627 1826; x_wconf 78' lang='lat' dir='ltr'>secondo</span> <span class='ocrx_word' id='word_1_397' title='bbox 647 1802 789 1826; x_wconf 66' lang='lat' dir='ltr'>mercoledz*</span> <span class='ocrx_word' id='word_1_398' title='bbox 803 1803 849 1826; x_wconf 77' lang='lat' dir='ltr'>del</span> <span class='ocrx_word' id='word_1_399' title='bbox 861 1811 926 1826; x_wconf 79' lang='lat' dir='ltr'>mese</span> <span class='ocrx_word' id='word_1_400' title='bbox 947 1800 1002 1826; x_wconf 78' lang='grc' dir='ltr'>ειόὲ</span> <span class='ocrx_word' id='word_1_401' title='bbox 1019 1803 1042 1826; x_wconf 83' lang='lat' dir='ltr'>il</span> <span class='ocrx_word' id='word_1_402' title='bbox 1053 1810 1084 1826; x_wconf 83' lang='lat'>10</span> <span class='ocrx_word' id='word_1_403' title='bbox 1098 1806 1198 1833; x_wconf 73' lang='lat' dir='ltr'>agusto.</span> <span class='ocrx_word' id='word_1_404' title='bbox 1215 1816 1245 1819; x_wconf 97' lang='lat'><strong>—</strong></span> <span class='ocrx_word' id='word_1_405' title='bbox 1261 1802 1285 1826; x_wconf 89' lang='lat'>6.</span> <span class='ocrx_word' id='word_1_406' title='bbox 1299 1802 1374 1834; x_wconf 89' lang='lat' dir='ltr'>cum]</span> <span class='ocrx_word' id='word_1_407' title='bbox 1389 1811 1437 1827; x_wconf 84' lang='lat' dir='ltr'>non</span> <span class='ocrx_word' id='word_1_408' title='bbox 1451 1801 1465 1826; x_wconf 77' lang='grc' dir='ltr'><em>ὲ</em></span> <span class='ocrx_word' id='word_1_409' title='bbox 1477 1804 1521 1827; x_wconf 82' lang='lat' dir='ltr'>nei</span> <span class='ocrx_word' id='word_1_410' title='bbox 1533 1803 1596 1827; x_wconf 79' lang='lat' dir='ltr'>testi</span> <span class='ocrx_word' id='word_1_411' title='bbox 1609 1817 1640 1819; x_wconf 97' lang='lat'><strong>—</strong></span> <span class='ocrx_word' id='word_1_412' title='bbox 1656 1808 1678 1834; x_wconf 94' lang='lat'>7.</span> <span class='ocrx_word' id='word_1_413' title='bbox 1694 1804 1859 1827; x_wconf 85' lang='lat' dir='ltr'>comucione</span> <span class='ocrx_word' id='word_1_414' title='bbox 1872 1803 1905 1827; x_wconf 86' lang='grc' dir='ltr'>Α.</span> <span class='ocrx_word' id='word_1_415' title='bbox 1921 1816 1951 1820; x_wconf 84' lang='grc'>-</span> <span class='ocrx_word' id='word_1_416' title='bbox 1966 1802 1992 1827; x_wconf 84' lang='grc'>8.</span> <span class='ocrx_word' id='word_1_417' title='bbox 2006 1802 2148 1826; x_wconf 80' lang='lat' dir='ltr'>Vascones</span> 
     </span>
     <span class='ocr_line' id='line_1_32' title="bbox 305 1843 2147 1877; baseline 0.001 -10"><span class='ocrx_word' id='word_1_418' title='bbox 305 1844 331 1867; x_wconf 83' lang='lat' dir='ltr'>in</span> <span class='ocrx_word' id='word_1_419' title='bbox 350 1844 391 1872; x_wconf 64' lang='lat' dir='ltr'>A„</span> <span class='ocrx_word' id='word_1_420' title='bbox 412 1845 425 1868; x_wconf 79' lang='grc' dir='ltr'><em>ὲ</em></span> <span class='ocrx_word' id='word_1_421' title='bbox 444 1852 512 1868; x_wconf 85' lang='lat' dir='ltr'>corr.</span> <span class='ocrx_word' id='word_1_422' title='bbox 533 1845 606 1868; x_wconf 83' lang='lat' dir='ltr'>della</span> <span class='ocrx_word' id='word_1_423' title='bbox 625 1853 656 1867; x_wconf 92' lang='lat' dir='ltr'>m.</span> <span class='ocrx_word' id='word_1_424' title='bbox 673 1844 724 1874; x_wconf 67' lang='lat' dir='ltr'>piit</span> <span class='ocrx_word' id='word_1_425' title='bbox 738 1848 844 1874; x_wconf 68' lang='lat' dir='ltr'>experta</span> <span class='ocrx_word' id='word_1_426' title='bbox 858 1853 887 1868; x_wconf 82' lang='lat' dir='ltr'>su</span> <span class='ocrx_word' id='word_1_427' title='bbox 901 1843 1043 1868; x_wconf 85' lang='lat' dir='ltr'>Grasones</span> <span class='ocrx_word' id='word_1_428' title='bbox 1062 1846 1160 1868; x_wconf 79' lang='lat' dir='ltr'>cancel.</span> <span class='ocrx_word' id='word_1_429' title='bbox 1174 1857 1184 1862; x_wconf 87' lang='lat'><em>-</em></span> <span class='ocrx_word' id='word_1_430' title='bbox 1199 1845 1261 1877; x_wconf 68' lang='lat' dir='ltr'>pro}</span> <span class='ocrx_word' id='word_1_431' title='bbox 1278 1845 1328 1868; x_wconf 71' lang='lat' dir='ltr'>cosi</span> <span class='ocrx_word' id='word_1_432' title='bbox 1344 1853 1411 1868; x_wconf 82' lang='lat' dir='ltr'>corr.</span> <span class='ocrx_word' id='word_1_433' title='bbox 1428 1845 1520 1873; x_wconf 47' lang='lat' dir='ltr'>Mmm</span> <span class='ocrx_word' id='word_1_434' title='bbox 1535 1852 1597 1868; x_wconf 86' lang='lat' dir='ltr'>curn</span> <span class='ocrx_word' id='word_1_435' title='bbox 1611 1845 1653 1872; x_wconf 79' lang='lat' dir='ltr'>A..</span> <span class='ocrx_word' id='word_1_436' title='bbox 1670 1846 1715 1869; x_wconf 86' lang='lat' dir='ltr'>Cr.</span> <span class='ocrx_word' id='word_1_437' title='bbox 1730 1858 1762 1862; x_wconf 95' lang='lat'><strong>—</strong></span> <span class='ocrx_word' id='word_1_438' title='bbox 1776 1853 1800 1877; x_wconf 91' lang='lat'>9.</span> <span class='ocrx_word' id='word_1_439' title='bbox 1816 1846 1984 1869; x_wconf 83' lang='lat' dir='ltr'>comucione</span> <span class='ocrx_word' id='word_1_440' title='bbox 1998 1844 2031 1868; x_wconf 85' lang='grc' dir='ltr'>Α.</span> <span class='ocrx_word' id='word_1_441' title='bbox 2053 1858 2085 1861; x_wconf 92' lang='grc'>-</span> <span class='ocrx_word' id='word_1_442' title='bbox 2107 1850 2147 1868; x_wconf 91' lang='lat'>10.</span> 
     </span>
     <span class='ocr_line' id='line_1_33' title="bbox 304 1885 2147 1919; baseline -0.001 -9"><span class='ocrx_word' id='word_1_443' title='bbox 304 1885 494 1910; x_wconf 86' lang='lat' dir='ltr'>Grassonibus</span> <span class='ocrx_word' id='word_1_444' title='bbox 508 1886 550 1914; x_wconf 63' lang='lat' dir='ltr'>A„</span> <span class='ocrx_word' id='word_1_445' title='bbox 572 1887 617 1911; x_wconf 89' lang='lat' dir='ltr'>Cr.</span> <span class='ocrx_word' id='word_1_446' title='bbox 638 1899 645 1903; x_wconf 99' lang='lat'>-</span> <span class='ocrx_word' id='word_1_447' title='bbox 665 1885 824 1910; x_wconf 86' lang='lat' dir='ltr'>Thealdum</span> <span class='ocrx_word' id='word_1_448' title='bbox 846 1886 923 1910; x_wconf 74' lang='lat' dir='ltr'>Mun.</span> <span class='ocrx_word' id='word_1_449' title='bbox 945 1899 978 1904; x_wconf 94' lang='lat'>—</span> <span class='ocrx_word' id='word_1_450' title='bbox 1001 1893 1041 1910; x_wconf 94' lang='lat'>11.</span> <span class='ocrx_word' id='word_1_451' title='bbox 1061 1886 1235 1910; x_wconf 86' lang='lat' dir='ltr'>destructum</span> <span class='ocrx_word' id='word_1_452' title='bbox 1250 1889 1291 1910; x_wconf 81' lang='lat' dir='ltr'>est</span> <span class='ocrx_word' id='word_1_453' title='bbox 1305 1887 1370 1918; x_wconf 85' lang='lat' dir='ltr'>quia</span> <span class='ocrx_word' id='word_1_454' title='bbox 1390 1887 1468 1912; x_wconf 70' lang='lat' dir='ltr'>Mun.</span> <span class='ocrx_word' id='word_1_455' title='bbox 1488 1900 1520 1904; x_wconf 97' lang='lat'><strong>—</strong></span> <span class='ocrx_word' id='word_1_456' title='bbox 1545 1894 1583 1919; x_wconf 82' lang='lat'>13.</span> <span class='ocrx_word' id='word_1_457' title='bbox 1603 1886 1830 1918; x_wconf 86' lang='lat' dir='ltr'>Aldobrandini]</span> <span class='ocrx_word' id='word_1_458' title='bbox 1850 1886 1900 1911; x_wconf 78' lang='lat' dir='ltr'>cos)</span> <span class='ocrx_word' id='word_1_459' title='bbox 1916 1887 2005 1914; x_wconf 60' lang='lat' dir='ltr'>Mun..</span> <span class='ocrx_word' id='word_1_460' title='bbox 2022 1885 2147 1915; x_wconf 79' lang='lat' dir='ltr'>Cr.;A1-</span> 
     </span>
     <span class='ocr_line' id='line_1_34' title="bbox 303 1928 2147 1960; baseline 0.001 -9"><span class='ocrx_word' id='word_1_461' title='bbox 303 1928 503 1952; x_wconf 88' lang='lat' dir='ltr'>drombandini</span> <span class='ocrx_word' id='word_1_462' title='bbox 524 1928 557 1951; x_wconf 77' lang='lat' dir='ltr'>A.</span> <span class='ocrx_word' id='word_1_463' title='bbox 578 1941 609 1944; x_wconf 88' lang='lat'>—</span> <span class='ocrx_word' id='word_1_464' title='bbox 633 1935 672 1960; x_wconf 85' lang='lat'>14.</span> <span class='ocrx_word' id='word_1_465' title='bbox 694 1928 883 1952; x_wconf 83' lang='lat' dir='ltr'>extrinsecum</span> <span class='ocrx_word' id='word_1_466' title='bbox 908 1937 977 1952; x_wconf 79' lang='lat' dir='ltr'>corr.</span> <span class='ocrx_word' id='word_1_467' title='bbox 1003 1929 1096 1956; x_wconf 78' lang='lat' dir='ltr'>MUR.;</span> <span class='ocrx_word' id='word_1_468' title='bbox 1118 1929 1271 1952; x_wconf 82' lang='lat' dir='ltr'>extrinseci</span> <span class='ocrx_word' id='word_1_469' title='bbox 1291 1928 1333 1959; x_wconf 83' lang='lat' dir='ltr'>A.‚</span> <span class='ocrx_word' id='word_1_470' title='bbox 1358 1929 1403 1952; x_wconf 85' lang='lat' dir='ltr'>Cr.</span> <span class='ocrx_word' id='word_1_471' title='bbox 1419 1941 1450 1945; x_wconf 91' lang='lat'>—</span> <span class='ocrx_word' id='word_1_472' title='bbox 1474 1934 1559 1960; x_wconf 81' lang='lat'>14-15.</span> <span class='ocrx_word' id='word_1_473' title='bbox 1575 1930 1746 1953; x_wconf 87' lang='lat' dir='ltr'>intrinsecos</span> <span class='ocrx_word' id='word_1_474' title='bbox 1765 1937 1836 1953; x_wconf 85' lang='lat' dir='ltr'>corr.</span> <span class='ocrx_word' id='word_1_475' title='bbox 1857 1929 1950 1957; x_wconf 69' lang='lat' dir='ltr'>Mcn.;</span> <span class='ocrx_word' id='word_1_476' title='bbox 1971 1929 2147 1953; x_wconf 87' lang='lat' dir='ltr'>extrinsecos</span> 
     </span>
     <span class='ocr_line' id='line_1_35' title="bbox 301 1969 2147 2003; baseline 0.001 -10"><span class='ocrx_word' id='word_1_477' title='bbox 301 1970 341 1997; x_wconf 76' lang='lat' dir='ltr'>A..</span> <span class='ocrx_word' id='word_1_478' title='bbox 364 1970 407 1994; x_wconf 88' lang='lat' dir='ltr'>Cr.</span> <span class='ocrx_word' id='word_1_479' title='bbox 429 1983 461 1987; x_wconf 91' lang='lat'><strong>—</strong></span> <span class='ocrx_word' id='word_1_480' title='bbox 485 1969 523 1993; x_wconf 88' lang='lat'>16.</span> <span class='ocrx_word' id='word_1_481' title='bbox 543 1970 643 1993; x_wconf 85' lang='lat' dir='ltr'>domos</span> <span class='ocrx_word' id='word_1_482' title='bbox 664 1970 750 2000; x_wconf 58' lang='lat' dir='ltr'>Mun„</span> <span class='ocrx_word' id='word_1_483' title='bbox 772 1971 818 1995; x_wconf 88' lang='lat' dir='ltr'>Cr.</span> <span class='ocrx_word' id='word_1_484' title='bbox 842 1984 870 1988; x_wconf 87' lang='lat'>—</span> <span class='ocrx_word' id='word_1_485' title='bbox 891 1976 928 2001; x_wconf 86' lang='lat'>17.</span> <span class='ocrx_word' id='word_1_486' title='bbox 948 1969 1053 2002; x_wconf 85' lang='lat' dir='ltr'>circha]</span> <span class='ocrx_word' id='word_1_487' title='bbox 1069 1973 1145 1994; x_wconf 84' lang='lat' dir='ltr'>arcta</span> <span class='ocrx_word' id='word_1_488' title='bbox 1160 1972 1206 1999; x_wconf 82' lang='grc' dir='ltr'>Α.;</span> <span class='ocrx_word' id='word_1_489' title='bbox 1221 1973 1286 1994; x_wconf 85' lang='lat' dir='ltr'>ante</span> <span class='ocrx_word' id='word_1_490' title='bbox 1300 1971 1387 2000; x_wconf 59' lang='lat' dir='ltr'>Mum,</span> <span class='ocrx_word' id='word_1_491' title='bbox 1405 1972 1458 2000; x_wconf 84' lang='lat' dir='ltr'>Cr.,</span> <span class='ocrx_word' id='word_1_492' title='bbox 1473 1979 1514 1994; x_wconf 84' lang='lat' dir='ltr'>ma</span> <span class='ocrx_word' id='word_1_493' title='bbox 1535 1972 1562 1995; x_wconf 86' lang='lat' dir='ltr'>la</span> <span class='ocrx_word' id='word_1_494' title='bbox 1577 1972 1669 2001; x_wconf 81' lang='lat' dir='ltr'>prima</span> <span class='ocrx_word' id='word_1_495' title='bbox 1688 1973 1787 1995; x_wconf 75' lang='lat' dir='ltr'>lettera</span> <span class='ocrx_word' id='word_1_496' title='bbox 1804 1971 1859 2001; x_wconf 69' lang='lat' dir='ltr'>pub</span> <span class='ocrx_word' id='word_1_497' title='bbox 1879 1971 2004 2003; x_wconf 71' lang='lat' dir='ltr'>Ieggersi</span> <span class='ocrx_word' id='word_1_498' title='bbox 2022 1971 2102 1994; x_wconf 81' lang='lat' dir='ltr'>anche</span> <span class='ocrx_word' id='word_1_499' title='bbox 2121 1970 2147 1994; x_wconf 88' lang='lat' dir='ltr'>ci</span> 
     </span>
     <span class='ocr_line' id='line_1_36' title="bbox 302 2011 2147 2045; baseline 0.001 -10"><span class='ocrx_word' id='word_1_500' title='bbox 302 2021 315 2035; x_wconf 91' lang='lat' dir='ltr'>e</span> <span class='ocrx_word' id='word_1_501' title='bbox 335 2013 362 2036; x_wconf 86' lang='lat' dir='ltr'>la</span> <span class='ocrx_word' id='word_1_502' title='bbox 382 2014 393 2035; x_wconf 88' lang='lat' dir='ltr'>t</span> <span class='ocrx_word' id='word_1_503' title='bbox 413 2020 498 2036; x_wconf 78' lang='lat' dir='ltr'>essere</span> <span class='ocrx_word' id='word_1_504' title='bbox 518 2013 620 2045; x_wconf 79' lang='lat' dir='ltr'>riflesso</span> <span class='ocrx_word' id='word_1_505' title='bbox 640 2012 670 2035; x_wconf 84' lang='lat' dir='ltr'>di</span> <span class='ocrx_word' id='word_1_506' title='bbox 687 2012 757 2035; x_wconf 69' lang='lat' dir='ltr'>un’h</span> <span class='ocrx_word' id='word_1_507' title='bbox 777 2021 825 2036; x_wconf 83' lang='lat' dir='ltr'>non</span> <span class='ocrx_word' id='word_1_508' title='bbox 845 2013 939 2043; x_wconf 79' lang='lat' dir='ltr'>intesa,</span> <span class='ocrx_word' id='word_1_509' title='bbox 954 2013 1008 2036; x_wconf 65' lang='lat' dir='ltr'>cio&amp;</span> <span class='ocrx_word' id='word_1_510' title='bbox 1028 2012 1120 2036; x_wconf 85' lang='lat' dir='ltr'>circha</span> <span class='ocrx_word' id='word_1_511' title='bbox 1142 2026 1173 2030; x_wconf 94' lang='lat'>—</span> <span class='ocrx_word' id='word_1_512' title='bbox 1197 2011 1235 2036; x_wconf 86' lang='lat'>18.</span> <span class='ocrx_word' id='word_1_513' title='bbox 1255 2012 1436 2037; x_wconf 87' lang='lat' dir='ltr'>Nonantulae</span> <span class='ocrx_word' id='word_1_514' title='bbox 1458 2014 1503 2037; x_wconf 87' lang='lat' dir='ltr'>Cr.</span> <span class='ocrx_word' id='word_1_515' title='bbox 1524 2026 1532 2030; x_wconf 92' lang='lat'>-</span> <span class='ocrx_word' id='word_1_516' title='bbox 1553 2013 1658 2037; x_wconf 86' lang='lat' dir='ltr'>totidie</span> <span class='ocrx_word' id='word_1_517' title='bbox 1678 2014 1710 2037; x_wconf 79' lang='lat' dir='ltr'>A.</span> <span class='ocrx_word' id='word_1_518' title='bbox 1733 2026 1759 2030; x_wconf 89' lang='lat'>-</span> <span class='ocrx_word' id='word_1_519' title='bbox 1780 2020 1820 2045; x_wconf 85' lang='lat'>19.</span> <span class='ocrx_word' id='word_1_520' title='bbox 1839 2013 1921 2037; x_wconf 87' lang='lat' dir='ltr'>multi</span> <span class='ocrx_word' id='word_1_521' title='bbox 1946 2014 1990 2037; x_wconf 87' lang='lat' dir='ltr'>Cr.</span> <span class='ocrx_word' id='word_1_522' title='bbox 2010 2026 2018 2030; x_wconf 96' lang='lat'><em>-</em></span> <span class='ocrx_word' id='word_1_523' title='bbox 2039 2012 2147 2037; x_wconf 85' lang='lat' dir='ltr'>occide-</span> 
     </span>
     <span class='ocr_line' id='line_1_37' title="bbox 303 2053 2147 2086; baseline 0.001 -9"><span class='ocrx_word' id='word_1_524' title='bbox 303 2053 380 2084; x_wconf 76' lang='lat' dir='ltr'>runt}</span> <span class='ocrx_word' id='word_1_525' title='bbox 401 2062 471 2078; x_wconf 86' lang='lat' dir='ltr'>corr.</span> <span class='ocrx_word' id='word_1_526' title='bbox 493 2053 586 2081; x_wconf 82' lang='lat' dir='ltr'>MUR.;</span> <span class='ocrx_word' id='word_1_527' title='bbox 608 2054 770 2078; x_wconf 78' lang='lat' dir='ltr'>ceciderunt</span> <span class='ocrx_word' id='word_1_528' title='bbox 787 2055 830 2083; x_wconf 66' lang='lat' dir='ltr'>A„</span> <span class='ocrx_word' id='word_1_529' title='bbox 852 2055 897 2078; x_wconf 88' lang='lat' dir='ltr'>Cr.</span> <span class='ocrx_word' id='word_1_530' title='bbox 920 2068 949 2071; x_wconf 92' lang='lat'>—</span> <span class='ocrx_word' id='word_1_531' title='bbox 972 2061 1012 2085; x_wconf 83' lang='lat'>23.</span> <span class='ocrx_word' id='word_1_532' title='bbox 1034 2054 1120 2085; x_wconf 71' lang='lat' dir='ltr'>quod}</span> <span class='ocrx_word' id='word_1_533' title='bbox 1141 2055 1193 2078; x_wconf 85' lang='lat' dir='ltr'>cosi</span> <span class='ocrx_word' id='word_1_534' title='bbox 1212 2055 1290 2079; x_wconf 64' lang='lat' dir='ltr'>ML‘R.</span> <span class='ocrx_word' id='word_1_535' title='bbox 1312 2056 1370 2083; x_wconf 84' lang='lat' dir='ltr'>Cr.;</span> <span class='ocrx_word' id='word_1_536' title='bbox 1390 2056 1438 2086; x_wconf 88' lang='lat' dir='ltr'>qui</span> <span class='ocrx_word' id='word_1_537' title='bbox 1461 2055 1492 2079; x_wconf 80' lang='lat' dir='ltr'>A.</span> <span class='ocrx_word' id='word_1_538' title='bbox 1513 2063 1526 2078; x_wconf 79' lang='lat' dir='ltr'>e</span> <span class='ocrx_word' id='word_1_539' title='bbox 1540 2056 1690 2085; x_wconf 77' lang='lat' dir='ltr'>parimenti</span> <span class='ocrx_word' id='word_1_540' title='bbox 1703 2055 1753 2085; x_wconf 76' lang='lat' dir='ltr'>piic</span> <span class='ocrx_word' id='word_1_541' title='bbox 1772 2059 1838 2079; x_wconf 79' lang='lat' dir='ltr'>sotto</span> <span class='ocrx_word' id='word_1_542' title='bbox 1857 2057 1927 2079; x_wconf 78' lang='lat' dir='ltr'>nelle</span> <span class='ocrx_word' id='word_1_543' title='bbox 1941 2055 2031 2085; x_wconf 77' lang='lat' dir='ltr'>prime</span> <span class='ocrx_word' id='word_1_544' title='bbox 2049 2055 2099 2078; x_wconf 85' lang='lat' dir='ltr'>due</span> <span class='ocrx_word' id='word_1_545' title='bbox 2118 2055 2147 2078; x_wconf 87' lang='lat' dir='ltr'>ll.</span> 
     </span>
     <span class='ocr_line' id='line_1_38' title="bbox 302 2095 2147 2128; baseline 0 -9"><span class='ocrx_word' id='word_1_546' title='bbox 302 2097 374 2120; x_wconf 80' lang='lat' dir='ltr'>della</span> <span class='ocrx_word' id='word_1_547' title='bbox 388 2099 459 2127; x_wconf 71' lang='lat' dir='ltr'>pag.</span> <span class='ocrx_word' id='word_1_548' title='bbox 477 2104 518 2127; x_wconf 72' lang='lat' dir='ltr'>sg.</span> <span class='ocrx_word' id='word_1_549' title='bbox 534 2109 541 2113; x_wconf 97' lang='lat'><em>-</em></span> <span class='ocrx_word' id='word_1_550' title='bbox 556 2095 791 2128; x_wconf 79' lang='lat' dir='ltr'>Montagnanam]</span> <span class='ocrx_word' id='word_1_551' title='bbox 813 2096 961 2120; x_wconf 83' lang='lat' dir='ltr'>Madalena</span> <span class='ocrx_word' id='word_1_552' title='bbox 982 2095 1024 2125; x_wconf 71' lang='lat' dir='ltr'>A..</span> <span class='ocrx_word' id='word_1_553' title='bbox 1045 2095 1131 2126; x_wconf 57' lang='lat' dir='ltr'>MUR„</span> <span class='ocrx_word' id='word_1_554' title='bbox 1157 2097 1217 2125; x_wconf 83' lang='lat' dir='ltr'>Cr.‚·</span> <span class='ocrx_word' id='word_1_555' title='bbox 1239 2105 1280 2120; x_wconf 83' lang='lat' dir='ltr'>ma</span> <span class='ocrx_word' id='word_1_556' title='bbox 1301 2097 1327 2120; x_wconf 78' lang='lat' dir='ltr'>in</span> <span class='ocrx_word' id='word_1_557' title='bbox 1347 2096 1388 2124; x_wconf 74' lang='lat' dir='ltr'>A..</span> <span class='ocrx_word' id='word_1_558' title='bbox 1402 2099 1429 2120; x_wconf 87' lang='lat' dir='ltr'>la</span> <span class='ocrx_word' id='word_1_559' title='bbox 1449 2096 1479 2127; x_wconf 73' lang='lat'>4³</span> <span class='ocrx_word' id='word_1_560' title='bbox 1499 2098 1597 2121; x_wconf 74' lang='lat' dir='ltr'>lettera</span> <span class='ocrx_word' id='word_1_561' title='bbox 1618 2097 1631 2120; x_wconf 79' lang='grc' dir='ltr'><em>ὲ</em></span> <span class='ocrx_word' id='word_1_562' title='bbox 1644 2100 1749 2121; x_wconf 81' lang='lat' dir='ltr'>cassata</span> <span class='ocrx_word' id='word_1_563' title='bbox 1765 2106 1778 2121; x_wconf 90' lang='lat' dir='ltr'>e</span> <span class='ocrx_word' id='word_1_564' title='bbox 1791 2100 1908 2121; x_wconf 77' lang='lat' dir='ltr'>corretta</span> <span class='ocrx_word' id='word_1_565' title='bbox 1923 2098 1949 2121; x_wconf 85' lang='lat' dir='ltr'>in</span> <span class='ocrx_word' id='word_1_566' title='bbox 1963 2097 2036 2121; x_wconf 83' lang='lat' dir='ltr'>modo</span> <span class='ocrx_word' id='word_1_567' title='bbox 2050 2097 2085 2120; x_wconf 83' lang='lat' dir='ltr'>da</span> <span class='ocrx_word' id='word_1_568' title='bbox 2099 2104 2147 2120; x_wconf 85' lang='lat' dir='ltr'>non</span> 
     </span>
     <span class='ocr_line' id='line_1_39' title="bbox 303 2138 2088 2170; baseline 0.001 -9"><span class='ocrx_word' id='word_1_569' title='bbox 303 2145 387 2161; x_wconf 78' lang='lat' dir='ltr'>essere</span> <span class='ocrx_word' id='word_1_570' title='bbox 401 2138 450 2168; x_wconf 64' lang='lat' dir='ltr'>pir&gt;</span> <span class='ocrx_word' id='word_1_571' title='bbox 470 2138 602 2169; x_wconf 70' lang='lat' dir='ltr'>leggibile</span> <span class='ocrx_word' id='word_1_572' title='bbox 621 2138 817 2162; x_wconf 74' lang='lat' dir='ltr'>distz&#39;alamente</span> <span class='ocrx_word' id='word_1_573' title='bbox 837 2139 865 2162; x_wconf 85' lang='lat' dir='ltr'>Ia</span> <span class='ocrx_word' id='word_1_574' title='bbox 878 2138 974 2170; x_wconf 84' lang='lat' dir='ltr'>forma</span> <span class='ocrx_word' id='word_1_575' title='bbox 988 2138 1142 2168; x_wconf 75' lang='lat' dir='ltr'>primitiva,</span> <span class='ocrx_word' id='word_1_576' title='bbox 1157 2138 1238 2170; x_wconf 79' lang='lat' dir='ltr'>forse</span> <span class='ocrx_word' id='word_1_577' title='bbox 1258 2139 1287 2162; x_wconf 82' lang='lat' dir='ltr'>di</span> <span class='ocrx_word' id='word_1_578' title='bbox 1304 2145 1336 2162; x_wconf 82' lang='lat' dir='ltr'>u:</span> <span class='ocrx_word' id='word_1_579' title='bbox 1358 2139 1394 2162; x_wconf 82' lang='lat' dir='ltr'>ad</span> <span class='ocrx_word' id='word_1_580' title='bbox 1411 2139 1476 2170; x_wconf 75' lang='lat' dir='ltr'>ogni</span> <span class='ocrx_word' id='word_1_581' title='bbox 1495 2139 1568 2163; x_wconf 81' lang='lat' dir='ltr'>modo</span> <span class='ocrx_word' id='word_1_582' title='bbox 1587 2139 1600 2162; x_wconf 84' lang='grc' dir='ltr'><em>ὲ</em></span> <span class='ocrx_word' id='word_1_583' title='bbox 1620 2147 1692 2162; x_wconf 81' lang='lat' dir='ltr'>nome</span> <span class='ocrx_word' id='word_1_584' title='bbox 1713 2139 1864 2163; x_wconf 75' lang='lat' dir='ltr'>z&#39;nesistente</span> <span class='ocrx_word' id='word_1_585' title='bbox 1885 2148 1898 2163; x_wconf 75' lang='grc' dir='ltr'><em>ε</em></span> <span class='ocrx_word' id='word_1_586' title='bbox 1916 2140 1941 2163; x_wconf 89' lang='lat' dir='ltr'>lo</span> <span class='ocrx_word' id='word_1_587' title='bbox 1955 2147 2088 2170; x_wconf 73' lang='lat' dir='ltr'>correggo</span> 
     </span>
    </p>
   </div>
   <div class='ocr_carea' id='block_1_7' title="bbox 301 2220 1198 2295">
    <p class='ocr_par' dir='ltr' id='par_1_7' title="bbox 301 2220 1198 2295">
     <span class='ocr_line' id='line_1_40' title="bbox 391 2220 1198 2250; baseline 0.001 -5"><span class='ocrx_word' id='word_1_588' title='bbox 391 2220 503 2250; x_wconf 87' lang='lat' dir='ltr'>¹Quali</span> <span class='ocrx_word' id='word_1_589' title='bbox 532 2223 646 2246; x_wconf 86' lang='lat' dir='ltr'>riforme</span> <span class='ocrx_word' id='word_1_590' title='bbox 673 2222 809 2246; x_wconf 86' lang='lat' dir='ltr'>Federico</span> <span class='ocrx_word' id='word_1_591' title='bbox 836 2222 909 2246; x_wconf 90' lang='lat' dir='ltr'>della</span> <span class='ocrx_word' id='word_1_592' title='bbox 937 2222 1017 2246; x_wconf 78' lang='lat' dir='ltr'>Scala</span> <span class='ocrx_word' id='word_1_593' title='bbox 1044 2223 1125 2246; x_wconf 84' lang='lat' dir='ltr'>abbia</span> <span class='ocrx_word' id='word_1_594' title='bbox 1156 2224 1198 2246; x_wconf 89' lang='lat' dir='ltr'>in—</span> 
     </span>
     <span class='ocr_line' id='line_1_41' title="bbox 301 2263 1197 2295; baseline 0 -7"><span class='ocrx_word' id='word_1_595' title='bbox 301 2265 429 2289; x_wconf 87' lang='lat' dir='ltr'>trodotte</span> <span class='ocrx_word' id='word_1_596' title='bbox 450 2265 478 2287; x_wconf 91' lang='lat' dir='ltr'>in</span> <span class='ocrx_word' id='word_1_597' title='bbox 505 2263 626 2288; x_wconf 88' lang='lat' dir='ltr'>Modena</span> <span class='ocrx_word' id='word_1_598' title='bbox 653 2265 771 2288; x_wconf 86' lang='lat' dir='ltr'>durante</span> <span class='ocrx_word' id='word_1_599' title='bbox 792 2265 798 2287; x_wconf 92' lang='lat' dir='ltr'>i</span> <span class='ocrx_word' id='word_1_600' title='bbox 826 2265 926 2295; x_wconf 85' lang='lat' dir='ltr'>clnque</span> <span class='ocrx_word' id='word_1_601' title='bbox 954 2265 1022 2288; x_wconf 86' lang='lat' dir='ltr'>mesi</span> <span class='ocrx_word' id='word_1_602' title='bbox 1048 2265 1123 2288; x_wconf 87' lang='lat' dir='ltr'>della</span> <span class='ocrx_word' id='word_1_603' title='bbox 1147 2272 1197 2288; x_wconf 82' lang='lat' dir='ltr'>sua</span> 
     </span>
    </p>
   </div>
   <div class='ocr_carea' id='block_1_8' title="bbox 1252 2222 2146 2296">
    <p class='ocr_par' dir='ltr' id='par_1_8' title="bbox 1252 2222 2146 2296">
     <span class='ocr_line' id='line_1_42' title="bbox 1253 2222 2146 2256; baseline 0 -10"><span class='ocrx_word' id='word_1_604' title='bbox 1253 2222 1350 2247; x_wconf 84' lang='lat' dir='ltr'>Marco</span> <span class='ocrx_word' id='word_1_605' title='bbox 1376 2223 1450 2247; x_wconf 88' lang='lat' dir='ltr'>della</span> <span class='ocrx_word' id='word_1_606' title='bbox 1479 2223 1586 2247; x_wconf 83' lang='lat' dir='ltr'>Branca</span> <span class='ocrx_word' id='word_1_607' title='bbox 1607 2224 1635 2246; x_wconf 87' lang='lat' dir='ltr'>su</span> <span class='ocrx_word' id='word_1_608' title='bbox 1665 2224 1798 2248; x_wconf 88' lang='lat' dir='ltr'>conclusa</span> <span class='ocrx_word' id='word_1_609' title='bbox 1818 2232 1831 2247; x_wconf 91' lang='lat' dir='ltr'>e</span> <span class='ocrx_word' id='word_1_610' title='bbox 1852 2223 2014 2256; x_wconf 84' lang='lat' dir='ltr'>pubblicata</span> <span class='ocrx_word' id='word_1_611' title='bbox 2044 2223 2071 2247; x_wconf 85' lang='lat' dir='ltr'>la</span> <span class='ocrx_word' id='word_1_612' title='bbox 2099 2223 2146 2246; x_wconf 92' lang='lat' dir='ltr'>do-</span> 
     </span>
     <span class='ocr_line' id='line_1_43' title="bbox 1252 2264 2146 2296; baseline 0 -8"><span class='ocrx_word' id='word_1_613' title='bbox 1252 2264 1362 2288; x_wconf 81' lang='lat' dir='ltr'>menica</span> <span class='ocrx_word' id='word_1_614' title='bbox 1386 2271 1414 2288; x_wconf 85' lang='lat'>11</span> <span class='ocrx_word' id='word_1_615' title='bbox 1437 2265 1586 2288; x_wconf 84' lang='lat' dir='ltr'>settembre</span> <span class='ocrx_word' id='word_1_616' title='bbox 1606 2265 1652 2293; x_wconf 84' lang='lat' dir='ltr'>(es.</span> <span class='ocrx_word' id='word_1_617' title='bbox 1670 2265 1871 2295; x_wconf 61' lang='lat' dir='ltr'>Chromparm„</span> <span class='ocrx_word' id='word_1_618' title='bbox 1884 2264 1955 2288; x_wconf 85' lang='lat' dir='ltr'>ediz.</span> <span class='ocrx_word' id='word_1_619' title='bbox 1972 2264 2029 2292; x_wconf 64' lang='lat' dir='ltr'>cit„</span> <span class='ocrx_word' id='word_1_620' title='bbox 2044 2272 2070 2296; x_wconf 89' lang='lat' dir='ltr'>p.</span> <span class='ocrx_word' id='word_1_621' title='bbox 2088 2270 2146 2295; x_wconf 84' lang='lat'>153.</span> 
     </span>
    </p>
   </div>
   <div class='ocr_carea' id='block_1_9' title="bbox 302 2306 1197 2463">
    <p class='ocr_par' dir='ltr' id='par_1_9' title="bbox 302 2306 949 2338">
     <span class='ocr_line' id='line_1_44' title="bbox 302 2306 949 2338; baseline 0.002 -9"><span class='ocrx_word' id='word_1_622' title='bbox 302 2307 460 2338; x_wconf 81' lang='lat' dir='ltr'>podesteria</span> <span class='ocrx_word' id='word_1_623' title='bbox 482 2314 537 2329; x_wconf 90' lang='lat' dir='ltr'>non</span> <span class='ocrx_word' id='word_1_624' title='bbox 559 2313 662 2338; x_wconf 87' lang='lat' dir='ltr'>appare</span> <span class='ocrx_word' id='word_1_625' title='bbox 682 2307 716 2330; x_wconf 86' lang='lat' dir='ltr'>da</span> <span class='ocrx_word' id='word_1_626' title='bbox 737 2306 838 2330; x_wconf 86' lang='lat' dir='ltr'>alcuna</span> <span class='ocrx_word' id='word_1_627' title='bbox 862 2307 949 2330; x_wconf 81' lang='lat' dir='ltr'>sonte.</span> 
     </span>
    </p>

    <p class='ocr_par' dir='ltr' id='par_1_10' title="bbox 302 2346 1197 2463">
     <span class='ocr_line' id='line_1_45' title="bbox 390 2346 1197 2380; baseline 0.001 -9"><span class='ocrx_word' id='word_1_628' title='bbox 390 2346 401 2362; x_wconf 76' lang='lat'><strong>²</strong></span> <span class='ocrx_word' id='word_1_629' title='bbox 422 2346 521 2375; x_wconf 85' lang='lat' dir='ltr'>Questi</span> <span class='ocrx_word' id='word_1_630' title='bbox 544 2346 558 2371; x_wconf 69' lang='lat' dir='ltr'>“c</span> <span class='ocrx_word' id='word_1_631' title='bbox 578 2347 724 2372; x_wconf 87' lang='lat' dir='ltr'>Giovanni</span> <span class='ocrx_word' id='word_1_632' title='bbox 756 2350 789 2372; x_wconf 90' lang='lat' dir='ltr'>da</span> <span class='ocrx_word' id='word_1_633' title='bbox 819 2348 917 2375; x_wconf 80' lang='lat' dir='ltr'>Fredo.</span> <span class='ocrx_word' id='word_1_634' title='bbox 948 2348 967 2371; x_wconf 92' lang='lat' dir='ltr'>il</span> <span class='ocrx_word' id='word_1_635' title='bbox 998 2349 1079 2379; x_wconf 90' lang='lat' dir='ltr'>quale</span> <span class='ocrx_word' id='word_1_636' title='bbox 1102 2356 1150 2380; x_wconf 89' lang='lat' dir='ltr'>per</span> <span class='ocrx_word' id='word_1_637' title='bbox 1170 2349 1197 2372; x_wconf 95' lang='grc'>13</span> 
     </span>
     <span class='ocr_line' id='line_1_46' title="bbox 302 2389 1197 2414; baseline 0 -1"><span class='ocrx_word' id='word_1_638' title='bbox 302 2397 350 2413; x_wconf 85' lang='lat' dir='ltr'>sua</span> <span class='ocrx_word' id='word_1_639' title='bbox 371 2390 479 2413; x_wconf 87' lang='lat' dir='ltr'>dimora</span> <span class='ocrx_word' id='word_1_640' title='bbox 499 2389 554 2413; x_wconf 84' lang='lat' dir='ltr'>alla</span> <span class='ocrx_word' id='word_1_641' title='bbox 575 2392 654 2413; x_wconf 79' lang='lat' dir='ltr'>corte</span> <span class='ocrx_word' id='word_1_642' title='bbox 674 2390 717 2413; x_wconf 83' lang='lat' dir='ltr'>dei</span> <span class='ocrx_word' id='word_1_643' title='bbox 739 2390 886 2414; x_wconf 90' lang='lat' dir='ltr'>Bonacolsi</span> <span class='ocrx_word' id='word_1_644' title='bbox 909 2398 954 2414; x_wconf 89' lang='lat' dir='ltr'>era</span> <span class='ocrx_word' id='word_1_645' title='bbox 974 2390 1052 2414; x_wconf 81' lang='lat' dir='ltr'>detto</span> <span class='ocrx_word' id='word_1_646' title='bbox 1072 2390 1106 2414; x_wconf 91' lang='lat' dir='ltr'>da</span> <span class='ocrx_word' id='word_1_647' title='bbox 1121 2390 1197 2414; x_wconf 84' lang='lat' dir='ltr'>Man-</span> 
     </span>
     <span class='ocr_line' id='line_1_47' title="bbox 302 2431 1196 2463; baseline 0.001 -9"><span class='ocrx_word' id='word_1_648' title='bbox 302 2433 377 2456; x_wconf 78' lang='lat' dir='ltr'>tova.</span> <span class='ocrx_word' id='word_1_649' title='bbox 397 2439 475 2455; x_wconf 86' lang='lat' dir='ltr'>come</span> <span class='ocrx_word' id='word_1_650' title='bbox 494 2432 516 2454; x_wconf 85' lang='lat' dir='ltr'>si</span> <span class='ocrx_word' id='word_1_651' title='bbox 537 2431 573 2454; x_wconf 86' lang='lat' dir='ltr'>ha</span> <span class='ocrx_word' id='word_1_652' title='bbox 593 2431 627 2455; x_wconf 85' lang='lat' dir='ltr'>da</span> <span class='ocrx_word' id='word_1_653' title='bbox 654 2439 690 2455; x_wconf 91' lang='lat' dir='ltr'>un</span> <span class='ocrx_word' id='word_1_654' title='bbox 720 2432 889 2456; x_wconf 87' lang='lat' dir='ltr'>documento</span> <span class='ocrx_word' id='word_1_655' title='bbox 910 2432 953 2456; x_wconf 85' lang='lat' dir='ltr'>del</span> <span class='ocrx_word' id='word_1_656' title='bbox 977 2438 989 2455; x_wconf 92' lang='lat'><strong>2</strong></span> <span class='ocrx_word' id='word_1_657' title='bbox 1014 2431 1106 2463; x_wconf 85' lang='lat' dir='ltr'>luglio</span> <span class='ocrx_word' id='word_1_658' title='bbox 1130 2437 1196 2463; x_wconf 83' lang='lat'>1337</span> 
     </span>
    </p>
   </div>
   <div class='ocr_carea' id='block_1_10' title="bbox 241 2473 1196 2967">
    <p class='ocr_par' dir='ltr' id='par_1_11' title="bbox 303 2473 558 2505">
     <span class='ocr_line' id='line_1_48' title="bbox 303 2473 558 2505; baseline 0 -9"><span class='ocrx_word' id='word_1_659' title='bbox 303 2473 404 2504; x_wconf 62' lang='lat' dir='ltr'>(sstem,</span> <span class='ocrx_word' id='word_1_660' title='bbox 426 2481 448 2496; x_wconf 71' lang='lat' dir='ltr'>a.</span> <span class='ocrx_word' id='word_1_661' title='bbox 473 2473 558 2505; x_wconf 86' lang='lat'>1337).</span> 
     </span>
    </p>

    <p class='ocr_par' dir='ltr' id='par_1_12' title="bbox 241 2513 1196 2967">
     <span class='ocr_line' id='line_1_49' title="bbox 241 2513 1196 2548; baseline 0.002 -11"><span class='ocrx_word' id='word_1_662' title='bbox 241 2521 274 2538; x_wconf 89' lang='lat'>20</span> <span class='ocrx_word' id='word_1_663' title='bbox 389 2513 400 2529; x_wconf 83' lang='lat'>³</span> <span class='ocrx_word' id='word_1_664' title='bbox 419 2515 451 2538; x_wconf 87' lang='lat' dir='ltr'>In</span> <span class='ocrx_word' id='word_1_665' title='bbox 472 2514 597 2542; x_wconf 73' lang='lat' dir='ltr'>Ferrara,</span> <span class='ocrx_word' id='word_1_666' title='bbox 620 2517 747 2547; x_wconf 81' lang='lat' dir='ltr'>soggetta</span> <span class='ocrx_word' id='word_1_667' title='bbox 767 2516 821 2540; x_wconf 88' lang='lat' dir='ltr'>alla</span> <span class='ocrx_word' id='word_1_668' title='bbox 837 2515 939 2540; x_wconf 88' lang='lat' dir='ltr'>Chiesa</span> <span class='ocrx_word' id='word_1_669' title='bbox 954 2517 1017 2539; x_wconf 89' lang='lat' dir='ltr'>sino</span> <span class='ocrx_word' id='word_1_670' title='bbox 1032 2516 1078 2539; x_wconf 86' lang='lat' dir='ltr'>dal</span> <span class='ocrx_word' id='word_1_671' title='bbox 1102 2522 1167 2548; x_wconf 89' lang='lat'>1309</span> <span class='ocrx_word' id='word_1_672' title='bbox 1182 2523 1196 2539; x_wconf 90' lang='lat' dir='ltr'>e</span> 
     </span>
     <span class='ocr_line' id='line_1_50' title="bbox 302 2556 1196 2590; baseline 0 -9"><span class='ocrx_word' id='word_1_673' title='bbox 302 2558 457 2589; x_wconf 84' lang='lat' dir='ltr'>governata</span> <span class='ocrx_word' id='word_1_674' title='bbox 477 2564 525 2589; x_wconf 81' lang='lat' dir='ltr'>per</span> <span class='ocrx_word' id='word_1_675' title='bbox 544 2556 669 2581; x_wconf 87' lang='lat' dir='ltr'>Roberto</span> <span class='ocrx_word' id='word_1_676' title='bbox 696 2557 708 2581; x_wconf 93' lang='lat' dir='ltr'>I</span> <span class='ocrx_word' id='word_1_677' title='bbox 734 2558 867 2590; x_wconf 79' lang='lat' dir='ltr'>d‘Anjou,</span> <span class='ocrx_word' id='word_1_678' title='bbox 890 2559 999 2582; x_wconf 74' lang='lat' dir='ltr'>{attone</span> <span class='ocrx_word' id='word_1_679' title='bbox 1023 2558 1130 2581; x_wconf 85' lang='lat' dir='ltr'>vicario</span> <span class='ocrx_word' id='word_1_680' title='bbox 1150 2557 1196 2581; x_wconf 86' lang='lat' dir='ltr'>dal</span> 
     </span>
     <span class='ocr_line' id='line_1_51' title="bbox 302 2599 1196 2631; baseline 0.003 -9"><span class='ocrx_word' id='word_1_681' title='bbox 302 2606 383 2631; x_wconf 82' lang='lat' dir='ltr'>papa,</span> <span class='ocrx_word' id='word_1_682' title='bbox 398 2600 432 2623; x_wconf 89' lang='lat' dir='ltr'>da</span> <span class='ocrx_word' id='word_1_683' title='bbox 446 2607 482 2623; x_wconf 89' lang='lat' dir='ltr'>un</span> <span class='ocrx_word' id='word_1_684' title='bbox 498 2606 547 2622; x_wconf 89' lang='lat' dir='ltr'>suo</span> <span class='ocrx_word' id='word_1_685' title='bbox 563 2602 800 2630; x_wconf 78' lang='lat' dir='ltr'>rappresentante,</span> <span class='ocrx_word' id='word_1_686' title='bbox 816 2600 865 2624; x_wconf 88' lang='lat' dir='ltr'>che</span> <span class='ocrx_word' id='word_1_687' title='bbox 878 2607 924 2624; x_wconf 85' lang='lat' dir='ltr'>era</span> <span class='ocrx_word' id='word_1_688' title='bbox 939 2600 1011 2623; x_wconf 89' lang='lat' dir='ltr'>Pino</span> <span class='ocrx_word' id='word_1_689' title='bbox 1026 2600 1100 2623; x_wconf 91' lang='lat' dir='ltr'>della</span> <span class='ocrx_word' id='word_1_690' title='bbox 1113 2599 1196 2625; x_wconf 85' lang='lat' dir='ltr'>Tosa.</span> 
     </span>
     <span class='ocr_line' id='line_1_52' title="bbox 302 2641 1196 2673; baseline 0.001 -9"><span class='ocrx_word' id='word_1_691' title='bbox 302 2649 316 2664; x_wconf 90' lang='lat' dir='ltr'>e</span> <span class='ocrx_word' id='word_1_692' title='bbox 335 2641 489 2672; x_wconf 84' lang='lat' dir='ltr'>presidiata</span> <span class='ocrx_word' id='word_1_693' title='bbox 510 2641 544 2665; x_wconf 92' lang='lat' dir='ltr'>da</span> <span class='ocrx_word' id='word_1_694' title='bbox 565 2649 619 2665; x_wconf 86' lang='lat' dir='ltr'>una</span> <span class='ocrx_word' id='word_1_695' title='bbox 648 2642 759 2673; x_wconf 82' lang='lat' dir='ltr'>brigata</span> <span class='ocrx_word' id='word_1_696' title='bbox 784 2642 813 2666; x_wconf 92' lang='lat' dir='ltr'>di</span> <span class='ocrx_word' id='word_1_697' title='bbox 840 2641 985 2666; x_wconf 86' lang='lat' dir='ltr'>Guasconi</span> <span class='ocrx_word' id='word_1_698' title='bbox 1013 2642 1038 2666; x_wconf 82' lang='lat' dir='ltr'>al</span> <span class='ocrx_word' id='word_1_699' title='bbox 1059 2642 1196 2665; x_wconf 87' lang='lat' dir='ltr'>comando</span> 
     </span>
     <span class='ocr_line' id='line_1_53' title="bbox 302 2682 1196 2716; baseline 0.002 -10"><span class='ocrx_word' id='word_1_700' title='bbox 302 2683 330 2706; x_wconf 84' lang='lat' dir='ltr'>di</span> <span class='ocrx_word' id='word_1_701' title='bbox 352 2682 469 2707; x_wconf 85' lang='lat' dir='ltr'>Ristoro</span> <span class='ocrx_word' id='word_1_702' title='bbox 491 2682 640 2711; x_wconf 80' lang='lat' dir='ltr'>catalano,</span> <span class='ocrx_word' id='word_1_703' title='bbox 666 2691 741 2708; x_wconf 85' lang='lat' dir='ltr'>sorse</span> <span class='ocrx_word' id='word_1_704' title='bbox 768 2685 788 2708; x_wconf 87' lang='grc'>11</span> <span class='ocrx_word' id='word_1_705' title='bbox 812 2692 842 2716; x_wconf 79' lang='lat'>14</span> <span class='ocrx_word' id='word_1_706' title='bbox 862 2687 969 2715; x_wconf 82' lang='lat' dir='ltr'>agosto,</span> <span class='ocrx_word' id='word_1_707' title='bbox 989 2691 1135 2716; x_wconf 87' lang='lat' dir='ltr'>promosso</span> <span class='ocrx_word' id='word_1_708' title='bbox 1162 2685 1196 2708; x_wconf 89' lang='lat' dir='ltr'>da</span> 
     </span>
     <span class='ocr_line' id='line_1_54' title="bbox 303 2724 1194 2757; baseline 0.002 -9"><span class='ocrx_word' id='word_1_709' title='bbox 303 2725 392 2749; x_wconf 86' lang='lat' dir='ltr'>Biella</span> <span class='ocrx_word' id='word_1_710' title='bbox 412 2733 426 2749; x_wconf 93' lang='lat' dir='ltr'>e</span> <span class='ocrx_word' id='word_1_711' title='bbox 445 2725 570 2749; x_wconf 83' lang='lat' dir='ltr'>Rinaldo</span> <span class='ocrx_word' id='word_1_712' title='bbox 591 2725 792 2757; x_wconf 83' lang='lat' dir='ltr'>Boccainpani,</span> <span class='ocrx_word' id='word_1_713' title='bbox 813 2734 849 2750; x_wconf 90' lang='lat' dir='ltr'>un</span> <span class='ocrx_word' id='word_1_714' title='bbox 871 2727 993 2750; x_wconf 86' lang='lat' dir='ltr'>tumulto</span> <span class='ocrx_word' id='word_1_715' title='bbox 1010 2727 1058 2750; x_wconf 87' lang='lat' dir='ltr'>che</span> <span class='ocrx_word' id='word_1_716' title='bbox 1078 2724 1126 2750; x_wconf 67' lang='lat' dir='ltr'>fini</span> <span class='ocrx_word' id='word_1_717' title='bbox 1143 2734 1194 2750; x_wconf 83' lang='lat' dir='ltr'>con</span> 
     </span>
     <span class='ocr_line' id='line_1_55' title="bbox 303 2766 1194 2799; baseline 0.002 -10"><span class='ocrx_word' id='word_1_718' title='bbox 303 2766 329 2790; x_wconf 89' lang='lat' dir='ltr'>la</span> <span class='ocrx_word' id='word_1_719' title='bbox 350 2767 558 2791; x_wconf 80' lang='lat' dir='ltr'>restaurazione</span> <span class='ocrx_word' id='word_1_720' title='bbox 584 2767 659 2798; x_wconf 84' lang='lat' dir='ltr'>degli</span> <span class='ocrx_word' id='word_1_721' title='bbox 681 2767 808 2791; x_wconf 84' lang='lat' dir='ltr'>Estensi:</span> <span class='ocrx_word' id='word_1_722' title='bbox 836 2770 877 2792; x_wconf 88' lang='lat' dir='ltr'>tre</span> <span class='ocrx_word' id='word_1_723' title='bbox 904 2768 962 2799; x_wconf 81' lang='lat' dir='ltr'>figli</span> <span class='ocrx_word' id='word_1_724' title='bbox 987 2768 1014 2791; x_wconf 88' lang='lat' dir='ltr'>di</span> <span class='ocrx_word' id='word_1_725' title='bbox 1035 2767 1194 2791; x_wconf 83' lang='lat' dir='ltr'>Aldobran-</span> 
     </span>
     <span class='ocr_line' id='line_1_56' title="bbox 303 2806 1196 2837; baseline 0.001 -5"><span class='ocrx_word' id='word_1_726' title='bbox 303 2809 372 2832; x_wconf 89' lang='lat' dir='ltr'>dino</span> <span class='ocrx_word' id='word_1_727' title='bbox 386 2809 419 2836; x_wconf 72' lang='grc' dir='ltr'>ΙΙ,</span> <span class='ocrx_word' id='word_1_728' title='bbox 440 2807 500 2832; x_wconf 73' lang='lat' dir='ltr'>cioe</span> <span class='ocrx_word' id='word_1_729' title='bbox 514 2808 647 2835; x_wconf 81' lang='lat' dir='ltr'>Rinaldo.</span> <span class='ocrx_word' id='word_1_730' title='bbox 667 2808 786 2833; x_wconf 77' lang='lat' dir='ltr'>Niccolo</span> <span class='ocrx_word' id='word_1_731' title='bbox 801 2810 811 2833; x_wconf 97' lang='lat' dir='ltr'>I</span> <span class='ocrx_word' id='word_1_732' title='bbox 827 2818 841 2833; x_wconf 86' lang='lat' dir='ltr'>e</span> <span class='ocrx_word' id='word_1_733' title='bbox 855 2809 962 2833; x_wconf 76' lang='lat' dir='ltr'>Obizm</span> <span class='ocrx_word' id='word_1_734' title='bbox 977 2810 1022 2837; x_wconf 82' lang='lat'>111,</span> <span class='ocrx_word' id='word_1_735' title='bbox 1037 2817 1051 2833; x_wconf 90' lang='lat' dir='ltr'>e</span> <span class='ocrx_word' id='word_1_736' title='bbox 1065 2809 1138 2832; x_wconf 87' lang='lat' dir='ltr'>Azzo</span> <span class='ocrx_word' id='word_1_737' title='bbox 1151 2806 1196 2833; x_wconf 71' lang='lat' dir='ltr'>‘lx</span> 
     </span>
     <span class='ocr_line' id='line_1_57' title="bbox 303 2850 1196 2883; baseline 0.001 -10"><span class='ocrx_word' id='word_1_738' title='bbox 303 2850 382 2881; x_wconf 85' lang='lat' dir='ltr'>figlio</span> <span class='ocrx_word' id='word_1_739' title='bbox 402 2851 445 2874; x_wconf 90' lang='lat' dir='ltr'>del</span> <span class='ocrx_word' id='word_1_740' title='bbox 466 2851 607 2874; x_wconf 84' lang='lat' dir='ltr'>marchese</span> <span class='ocrx_word' id='word_1_741' title='bbox 636 2850 797 2875; x_wconf 87' lang='lat' dir='ltr'>Francesco.</span> <span class='ocrx_word' id='word_1_742' title='bbox 836 2851 974 2876; x_wconf 74' lang='lat' dir='ltr'>Racconti</span> <span class='ocrx_word' id='word_1_743' title='bbox 999 2851 1196 2883; x_wconf 83' lang='lat' dir='ltr'>particolareg-</span> 
     </span>
     <span class='ocr_line' id='line_1_58' title="bbox 303 2893 1196 2924; baseline 0.001 -8"><span class='ocrx_word' id='word_1_744' title='bbox 303 2893 373 2924; x_wconf 80' lang='lat' dir='ltr'>giati</span> <span class='ocrx_word' id='word_1_745' title='bbox 394 2893 421 2916; x_wconf 92' lang='lat' dir='ltr'>di</span> <span class='ocrx_word' id='word_1_746' title='bbox 436 2895 535 2923; x_wconf 83' lang='lat' dir='ltr'>questo</span> <span class='ocrx_word' id='word_1_747' title='bbox 550 2893 747 2917; x_wconf 66' lang='lat' dir='ltr'>avveniment.)</span> <span class='ocrx_word' id='word_1_748' title='bbox 762 2901 832 2917; x_wconf 86' lang='lat' dir='ltr'>sono</span> <span class='ocrx_word' id='word_1_749' title='bbox 848 2894 891 2917; x_wconf 91' lang='lat' dir='ltr'>nel</span> <span class='ocrx_word' id='word_1_750' title='bbox 909 2895 969 2917; x_wconf 76' lang='lat' dir='ltr'>Clzr.</span> <span class='ocrx_word' id='word_1_751' title='bbox 984 2894 1051 2921; x_wconf 81' lang='lat' dir='ltr'>Est..</span> <span class='ocrx_word' id='word_1_752' title='bbox 1066 2894 1135 2917; x_wconf 86' lang='lat' dir='ltr'>ediz.</span> <span class='ocrx_word' id='word_1_753' title='bbox 1151 2894 1196 2916; x_wconf 85' lang='lat' dir='ltr'>Vi-</span> 
     </span>
     <span class='ocr_line' id='line_1_59' title="bbox 242 2934 1194 2967; baseline 0.001 -9"><span class='ocrx_word' id='word_1_754' title='bbox 242 2942 276 2967; x_wconf 86' lang='lat'>30</span> <span class='ocrx_word' id='word_1_755' title='bbox 304 2935 362 2958; x_wconf 87' lang='lat' dir='ltr'>cini</span> <span class='ocrx_word' id='word_1_756' title='bbox 381 2942 395 2958; x_wconf 85' lang='lat' dir='ltr'>e</span> <span class='ocrx_word' id='word_1_757' title='bbox 415 2934 540 2960; x_wconf 88' lang='lat' dir='ltr'>Bertoni.</span> <span class='ocrx_word' id='word_1_758' title='bbox 555 2943 580 2967; x_wconf 91' lang='lat' dir='ltr'>p.</span> <span class='ocrx_word' id='word_1_759' title='bbox 595 2934 628 2958; x_wconf 82' lang='lat'>88</span> <span class='ocrx_word' id='word_1_760' title='bbox 649 2943 662 2958; x_wconf 79' lang='lat' dir='ltr'>e</span> <span class='ocrx_word' id='word_1_761' title='bbox 677 2935 721 2958; x_wconf 88' lang='lat' dir='ltr'>nel</span> <span class='ocrx_word' id='word_1_762' title='bbox 742 2935 889 2965; x_wconf 64' lang='lat' dir='ltr'>FERRETQ</span> <span class='ocrx_word' id='word_1_763' title='bbox 910 2936 1004 2966; x_wconf 77' lang='lat' dir='ltr'>Opere,</span> <span class='ocrx_word' id='word_1_764' title='bbox 1020 2935 1052 2965; x_wconf 79' lang='grc' dir='ltr'>ΙΙ,</span> <span class='ocrx_word' id='word_1_765' title='bbox 1074 2942 1194 2967; x_wconf 79' lang='lat'>231-234.</span> 
     </span>
    </p>
   </div>
   <div class='ocr_carea' id='block_1_11' title="bbox 392 2975 1194 3010">
    <p class='ocr_par' dir='ltr' id='par_1_13' title="bbox 392 2975 1194 3010">
     <span class='ocr_line' id='line_1_60' title="bbox 392 2975 1194 3010; baseline 0.001 -9"><span class='ocrx_word' id='word_1_766' title='bbox 392 2975 403 2990; x_wconf 72' lang='lat'>⁴</span> <span class='ocrx_word' id='word_1_767' title='bbox 423 2975 528 3005; x_wconf 86' lang='lat' dir='ltr'>Questa</span> <span class='ocrx_word' id='word_1_768' title='bbox 548 2985 622 3009; x_wconf 79' lang='lat' dir='ltr'>pace,</span> <span class='ocrx_word' id='word_1_769' title='bbox 642 2979 758 3003; x_wconf 85' lang='lat' dir='ltr'>trattata</span> <span class='ocrx_word' id='word_1_770' title='bbox 778 2985 825 3009; x_wconf 82' lang='lat' dir='ltr'>per</span> <span class='ocrx_word' id='word_1_771' title='bbox 840 2978 990 3002; x_wconf 76' lang='lat' dir='ltr'>iniziativa</span> <span class='ocrx_word' id='word_1_772' title='bbox 1010 2978 1053 3002; x_wconf 88' lang='lat' dir='ltr'>del</span> <span class='ocrx_word' id='word_1_773' title='bbox 1077 2975 1194 3010; x_wconf 55' lang='lat' dir='ltr'>podest&amp;</span> 
     </span>
    </p>
   </div>
   <div class='ocr_carea' id='block_1_12' title="bbox 1250 2305 2208 3010">
    <p class='ocr_par' dir='ltr' id='par_1_14' title="bbox 1252 2305 2146 2380">
     <span class='ocr_line' id='line_1_61' title="bbox 1254 2305 2146 2339; baseline 0 -9"><span class='ocrx_word' id='word_1_774' title='bbox 1254 2306 1284 2330; x_wconf 90' lang='lat' dir='ltr'>ll.</span> <span class='ocrx_word' id='word_1_775' title='bbox 1304 2313 1399 2339; x_wconf 72' lang='lat'><strong>32-373</strong></span> <span class='ocrx_word' id='word_1_776' title='bbox 1421 2307 1481 2330; x_wconf 78' lang='lat' dir='ltr'>Chr.</span> <span class='ocrx_word' id='word_1_777' title='bbox 1498 2307 1564 2337; x_wconf 63' lang='lat' dir='ltr'>Est⁴5</span> <span class='ocrx_word' id='word_1_778' title='bbox 1581 2306 1650 2330; x_wconf 89' lang='lat' dir='ltr'>ediz.</span> <span class='ocrx_word' id='word_1_779' title='bbox 1664 2307 1721 2335; x_wconf 65' lang='lat' dir='ltr'>cit„</span> <span class='ocrx_word' id='word_1_780' title='bbox 1735 2314 1760 2338; x_wconf 91' lang='lat' dir='ltr'>p.</span> <span class='ocrx_word' id='word_1_781' title='bbox 1776 2305 1818 2338; x_wconf 86' lang='lat'>87,</span> <span class='ocrx_word' id='word_1_782' title='bbox 1833 2306 1863 2330; x_wconf 92' lang='lat' dir='ltr'>ll.</span> <span class='ocrx_word' id='word_1_783' title='bbox 1878 2306 1957 2330; x_wconf 88' lang='lat'>20-26</span> <span class='ocrx_word' id='word_1_784' title='bbox 1972 2314 1986 2330; x_wconf 88' lang='lat' dir='ltr'>e</span> <span class='ocrx_word' id='word_1_785' title='bbox 2002 2307 2062 2330; x_wconf 80' lang='lat' dir='ltr'>Clzr.</span> <span class='ocrx_word' id='word_1_786' title='bbox 2076 2313 2146 2337; x_wconf 77' lang='lat' dir='ltr'>reg..</span> 
     </span>
     <span class='ocr_line' id='line_1_62' title="bbox 1252 2348 1701 2380; baseline 0 -8"><span class='ocrx_word' id='word_1_787' title='bbox 1252 2349 1282 2372; x_wconf 85' lang='lat' dir='ltr'>in</span> <span class='ocrx_word' id='word_1_788' title='bbox 1304 2349 1365 2373; x_wconf 86' lang='lat' dir='ltr'>RR.</span> <span class='ocrx_word' id='word_1_789' title='bbox 1388 2350 1426 2372; x_wconf 88' lang='lat' dir='ltr'>Il.</span> <span class='ocrx_word' id='word_1_790' title='bbox 1448 2349 1506 2374; x_wconf 83' lang='lat' dir='ltr'>SS..</span> <span class='ocrx_word' id='word_1_791' title='bbox 1527 2348 1627 2375; x_wconf 76' lang='lat' dir='ltr'>XVIII,</span> <span class='ocrx_word' id='word_1_792' title='bbox 1649 2349 1701 2380; x_wconf 82' lang='lat'>29).</span> 
     </span>
    </p>

    <p class='ocr_par' dir='ltr' id='par_1_15' title="bbox 1250 2388 2208 3010">
     <span class='ocr_line' id='line_1_63' title="bbox 1340 2388 2144 2422; baseline -0.002 -8"><span class='ocrx_word' id='word_1_793' title='bbox 1340 2388 1350 2405; x_wconf 82' lang='lat'>⁵</span> <span class='ocrx_word' id='word_1_794' title='bbox 1369 2389 1474 2417; x_wconf 80' lang='lat' dir='ltr'>Questa</span> <span class='ocrx_word' id='word_1_795' title='bbox 1495 2391 1656 2422; x_wconf 86' lang='lat' dir='ltr'>spedizione</span> <span class='ocrx_word' id='word_1_796' title='bbox 1676 2390 1719 2414; x_wconf 90' lang='lat' dir='ltr'>dei</span> <span class='ocrx_word' id='word_1_797' title='bbox 1744 2390 1897 2422; x_wconf 85' lang='lat' dir='ltr'>Bolognesi</span> <span class='ocrx_word' id='word_1_798' title='bbox 1925 2390 1966 2414; x_wconf 91' lang='lat' dir='ltr'>sul</span> <span class='ocrx_word' id='word_1_799' title='bbox 1994 2389 2144 2413; x_wconf 86' lang='lat' dir='ltr'>Modenese</span> 
     </span>
     <span class='ocr_line' id='line_1_64' title="bbox 1250 2428 2143 2463; baseline -0.001 -8"><span class='ocrx_word' id='word_1_800' title='bbox 1250 2430 1264 2455; x_wconf 80' lang='lat' dir='ltr'>&#39;e</span> <span class='ocrx_word' id='word_1_801' title='bbox 1275 2432 1374 2463; x_wconf 81' lang='lat' dir='ltr'>ignota</span> <span class='ocrx_word' id='word_1_802' title='bbox 1389 2433 1443 2456; x_wconf 84' lang='lat' dir='ltr'>alle</span> <span class='ocrx_word' id='word_1_803' title='bbox 1459 2433 1531 2455; x_wconf 87' lang='lat' dir='ltr'>sonti</span> <span class='ocrx_word' id='word_1_804' title='bbox 1545 2432 1718 2456; x_wconf 79' lang='lat' dir='ltr'>cronistiche</span> <span class='ocrx_word' id='word_1_805' title='bbox 1732 2432 1878 2463; x_wconf 85' lang='lat' dir='ltr'>bolognesi</span> <span class='ocrx_word' id='word_1_806' title='bbox 1891 2441 1895 2459; x_wconf 89' lang='lat'><em>;</em></span> <span class='ocrx_word' id='word_1_807' title='bbox 1909 2439 1951 2455; x_wconf 89' lang='lat' dir='ltr'>ma</span> <span class='ocrx_word' id='word_1_808' title='bbox 1965 2439 2021 2455; x_wconf 88' lang='lat' dir='ltr'>non</span> <span class='ocrx_word' id='word_1_809' title='bbox 2037 2428 2143 2462; x_wconf 74' lang='lat' dir='ltr'>isfuggi</span> 
     </span>
     <span class='ocr_line' id='line_1_65' title="bbox 1252 2470 2145 2505; baseline -0.002 -8"><span class='ocrx_word' id='word_1_810' title='bbox 1252 2474 1277 2497; x_wconf 85' lang='grc'>31</span> <span class='ocrx_word' id='word_1_811' title='bbox 1298 2472 1483 2497; x_wconf 75' lang='lat' dir='ltr'>Ghirardaeci</span> <span class='ocrx_word' id='word_1_812' title='bbox 1503 2475 1588 2504; x_wconf 80' lang='lat' dir='ltr'>(Hist.</span> <span class='ocrx_word' id='word_1_813' title='bbox 1611 2474 1678 2501; x_wconf 59' lang='lat' dir='ltr'>Bal„</span> <span class='ocrx_word' id='word_1_814' title='bbox 1698 2473 1718 2501; x_wconf 80' lang='grc' dir='ltr'>Ι,</span> <span class='ocrx_word' id='word_1_815' title='bbox 1740 2473 1812 2505; x_wconf 75' lang='grc'>598),</span> <span class='ocrx_word' id='word_1_816' title='bbox 1828 2473 1847 2496; x_wconf 92' lang='lat' dir='ltr'>il</span> <span class='ocrx_word' id='word_1_817' title='bbox 1868 2473 1949 2504; x_wconf 83' lang='lat' dir='ltr'>quale</span> <span class='ocrx_word' id='word_1_818' title='bbox 1969 2470 2028 2496; x_wconf 73' lang='lat' dir='ltr'>cosi</span> <span class='ocrx_word' id='word_1_819' title='bbox 2049 2472 2075 2496; x_wconf 90' lang='grc'>13</span> <span class='ocrx_word' id='word_1_820' title='bbox 2090 2479 2145 2495; x_wconf 87' lang='lat' dir='ltr'>rac-</span> 
     </span>
     <span class='ocr_line' id='line_1_66' title="bbox 1252 2515 2145 2547; baseline -0.001 -9"><span class='ocrx_word' id='word_1_821' title='bbox 1252 2518 1350 2538; x_wconf 86' lang='lat' dir='ltr'>conta:</span> <span class='ocrx_word' id='word_1_822' title='bbox 1374 2515 1548 2546; x_wconf 83' lang='lat' dir='ltr'>“Bolognesi</span> <span class='ocrx_word' id='word_1_823' title='bbox 1570 2523 1622 2538; x_wconf 86' lang='lat' dir='ltr'>con</span> <span class='ocrx_word' id='word_1_824' title='bbox 1643 2522 1680 2538; x_wconf 87' lang='lat' dir='ltr'>un</span> <span class='ocrx_word' id='word_1_825' title='bbox 1702 2516 1819 2547; x_wconf 85' lang='lat' dir='ltr'>copioso</span> <span class='ocrx_word' id='word_1_826' title='bbox 1840 2515 1972 2538; x_wconf 86' lang='lat' dir='ltr'>essercito</span> <span class='ocrx_word' id='word_1_827' title='bbox 1986 2521 2072 2538; x_wconf 88' lang='lat' dir='ltr'>erano</span> <span class='ocrx_word' id='word_1_828' title='bbox 2087 2520 2145 2545; x_wconf 89' lang='lat' dir='ltr'>pas-</span> 
     </span>
     <span class='ocr_line' id='line_1_67' title="bbox 1254 2556 2208 2589; baseline -0.002 -9"><span class='ocrx_word' id='word_1_829' title='bbox 1254 2559 1265 2568; x_wconf 78' lang='grc'>“</span> <span class='ocrx_word' id='word_1_830' title='bbox 1278 2558 1330 2580; x_wconf 81' lang='lat' dir='ltr'>sati</span> <span class='ocrx_word' id='word_1_831' title='bbox 1343 2557 1388 2580; x_wconf 85' lang='lat' dir='ltr'>nel</span> <span class='ocrx_word' id='word_1_832' title='bbox 1403 2558 1550 2581; x_wconf 81' lang='lat' dir='ltr'>territorio</span> <span class='ocrx_word' id='word_1_833' title='bbox 1565 2557 1592 2581; x_wconf 85' lang='lat' dir='ltr'>di</span> <span class='ocrx_word' id='word_1_834' title='bbox 1607 2556 1736 2584; x_wconf 75' lang='lat' dir='ltr'>Modena‚</span> <span class='ocrx_word' id='word_1_835' title='bbox 1748 2559 1775 2580; x_wconf 86' lang='lat' dir='ltr'>et</span> <span class='ocrx_word' id='word_1_836' title='bbox 1786 2556 1933 2580; x_wconf 83' lang='lat' dir='ltr'>havevano</span> <span class='ocrx_word' id='word_1_837' title='bbox 1945 2558 2027 2587; x_wconf 86' lang='lat' dir='ltr'>posto</span> <span class='ocrx_word' id='word_1_838' title='bbox 2040 2563 2053 2579; x_wconf 87' lang='lat' dir='ltr'>a</span> <span class='ocrx_word' id='word_1_839' title='bbox 2066 2562 2145 2579; x_wconf 83' lang='lat' dir='ltr'>sacco</span> <span class='ocrx_word' id='word_1_840' title='bbox 2173 2565 2208 2589; x_wconf 81' lang='lat'>40</span> 
     </span>
     <span class='ocr_line' id='line_1_68' title="bbox 1253 2597 2145 2623; baseline -0.001 -1"><span class='ocrx_word' id='word_1_841' title='bbox 1253 2598 1264 2610; x_wconf 79' lang='lat'>“</span> <span class='ocrx_word' id='word_1_842' title='bbox 1278 2601 1304 2622; x_wconf 83' lang='lat' dir='ltr'>et</span> <span class='ocrx_word' id='word_1_843' title='bbox 1325 2607 1339 2622; x_wconf 90' lang='lat' dir='ltr'>a</span> <span class='ocrx_word' id='word_1_844' title='bbox 1360 2599 1442 2623; x_wconf 86' lang='lat' dir='ltr'>suoco</span> <span class='ocrx_word' id='word_1_845' title='bbox 1464 2601 1536 2623; x_wconf 86' lang='lat' dir='ltr'>tutte</span> <span class='ocrx_word' id='word_1_846' title='bbox 1557 2599 1582 2622; x_wconf 86' lang='lat' dir='ltr'>le</span> <span class='ocrx_word' id='word_1_847' title='bbox 1597 2606 1656 2622; x_wconf 84' lang='lat' dir='ltr'>case</span> <span class='ocrx_word' id='word_1_848' title='bbox 1678 2599 1753 2622; x_wconf 85' lang='lat' dir='ltr'>nella</span> <span class='ocrx_word' id='word_1_849' title='bbox 1768 2598 1838 2622; x_wconf 88' lang='lat' dir='ltr'>villa</span> <span class='ocrx_word' id='word_1_850' title='bbox 1859 2598 2037 2622; x_wconf 83' lang='lat' dir='ltr'>d&#39;Albareto.</span> <span class='ocrx_word' id='word_1_851' title='bbox 2051 2616 2071 2621; x_wconf 91' lang='lat'>..</span> <span class='ocrx_word' id='word_1_852' title='bbox 2084 2616 2089 2621; x_wconf 91' lang='lat'>.</span> <span class='ocrx_word' id='word_1_853' title='bbox 2109 2597 2145 2621; x_wconf 87' lang='lat' dir='ltr'>Li</span> 
     </span>
     <span class='ocr_line' id='line_1_69' title="bbox 1254 2639 2144 2665; baseline 0 -2"><span class='ocrx_word' id='word_1_854' title='bbox 1254 2640 1472 2665; x_wconf 77' lang='lat' dir='ltr'>“Nonantolani</span> <span class='ocrx_word' id='word_1_855' title='bbox 1494 2649 1565 2665; x_wconf 90' lang='lat' dir='ltr'>anco</span> <span class='ocrx_word' id='word_1_856' title='bbox 1585 2642 1637 2664; x_wconf 86' lang='lat' dir='ltr'>essi</span> <span class='ocrx_word' id='word_1_857' title='bbox 1660 2641 1688 2664; x_wconf 87' lang='lat' dir='ltr'>in</span> <span class='ocrx_word' id='word_1_858' title='bbox 1709 2641 1818 2664; x_wconf 86' lang='lat' dir='ltr'>diverse</span> <span class='ocrx_word' id='word_1_859' title='bbox 1839 2640 1907 2664; x_wconf 87' lang='lat' dir='ltr'>ville</span> <span class='ocrx_word' id='word_1_860' title='bbox 1928 2639 1971 2663; x_wconf 86' lang='lat' dir='ltr'>del</span> <span class='ocrx_word' id='word_1_861' title='bbox 1995 2639 2144 2663; x_wconf 87' lang='lat' dir='ltr'>Modenese</span> 
     </span>
     <span class='ocr_line' id='line_1_70' title="bbox 1253 2681 2146 2715; baseline -0.001 -8"><span class='ocrx_word' id='word_1_862' title='bbox 1253 2683 1266 2695; x_wconf 64' lang='lat'>‘¹</span> <span class='ocrx_word' id='word_1_863' title='bbox 1280 2683 1369 2707; x_wconf 87' lang='lat' dir='ltr'>secero</span> <span class='ocrx_word' id='word_1_864' title='bbox 1382 2683 1401 2706; x_wconf 92' lang='lat' dir='ltr'>il</span> <span class='ocrx_word' id='word_1_865' title='bbox 1415 2684 1520 2707; x_wconf 82' lang='lat' dir='ltr'>simile:</span> <span class='ocrx_word' id='word_1_866' title='bbox 1535 2684 1554 2707; x_wconf 85' lang='lat' dir='ltr'>il</span> <span class='ocrx_word' id='word_1_867' title='bbox 1570 2681 1668 2715; x_wconf 75' lang='lat' dir='ltr'>perche</span> <span class='ocrx_word' id='word_1_868' title='bbox 1681 2682 1828 2706; x_wconf 85' lang='lat' dir='ltr'>Modenesi</span> <span class='ocrx_word' id='word_1_869' title='bbox 1844 2684 2008 2706; x_wconf 84' lang='lat' dir='ltr'>riceverono</span> <span class='ocrx_word' id='word_1_870' title='bbox 2020 2683 2146 2714; x_wconf 82' lang='lat' dir='ltr'>grandis-</span> 
     </span>
     <span class='ocr_line' id='line_1_71' title="bbox 1254 2722 2144 2756; baseline 0 -8"><span class='ocrx_word' id='word_1_871' title='bbox 1254 2726 1265 2737; x_wconf 73' lang='grc'>“</span> <span class='ocrx_word' id='word_1_872' title='bbox 1278 2726 1341 2748; x_wconf 89' lang='lat' dir='ltr'>simi</span> <span class='ocrx_word' id='word_1_873' title='bbox 1354 2725 1440 2749; x_wconf 87' lang='lat' dir='ltr'>danni</span> <span class='ocrx_word' id='word_1_874' title='bbox 1454 2725 1528 2749; x_wconf 80' lang='lat' dir='ltr'>nella</span> <span class='ocrx_word' id='word_1_875' title='bbox 1541 2726 1626 2749; x_wconf 83' lang='lat' dir='ltr'>robba</span> <span class='ocrx_word' id='word_1_876' title='bbox 1637 2727 1663 2748; x_wconf 83' lang='lat' dir='ltr'>et</span> <span class='ocrx_word' id='word_1_877' title='bbox 1675 2725 1747 2748; x_wconf 83' lang='lat' dir='ltr'>nelle</span> <span class='ocrx_word' id='word_1_878' title='bbox 1762 2730 1892 2756; x_wconf 85' lang='lat' dir='ltr'>persone;</span> <span class='ocrx_word' id='word_1_879' title='bbox 1908 2732 1951 2748; x_wconf 84' lang='lat' dir='ltr'>ma</span> <span class='ocrx_word' id='word_1_880' title='bbox 1964 2732 2020 2748; x_wconf 85' lang='grc'><strong>11011</strong></span> <span class='ocrx_word' id='word_1_881' title='bbox 2033 2722 2055 2748; x_wconf 69' lang='lat' dir='ltr'>si</span> <span class='ocrx_word' id='word_1_882' title='bbox 2068 2726 2144 2748; x_wconf 85' lang='lat' dir='ltr'>tosto</span> 
     </span>
     <span class='ocr_line' id='line_1_72' title="bbox 1253 2766 2205 2801; baseline 0.001 -12"><span class='ocrx_word' id='word_1_883' title='bbox 1253 2767 1264 2779; x_wconf 67' lang='lat'>‘¹</span> <span class='ocrx_word' id='word_1_884' title='bbox 1278 2768 1459 2791; x_wconf 84' lang='lat' dir='ltr'>ritornarono</span> <span class='ocrx_word' id='word_1_885' title='bbox 1480 2775 1494 2791; x_wconf 92' lang='lat' dir='ltr'>a</span> <span class='ocrx_word' id='word_1_886' title='bbox 1509 2768 1599 2791; x_wconf 86' lang='lat' dir='ltr'>dietro</span> <span class='ocrx_word' id='word_1_887' title='bbox 1620 2768 1627 2791; x_wconf 89' lang='lat' dir='ltr'>i</span> <span class='ocrx_word' id='word_1_888' title='bbox 1650 2767 1800 2797; x_wconf 85' lang='lat' dir='ltr'>Bolognesi</span> <span class='ocrx_word' id='word_1_889' title='bbox 1816 2766 1864 2789; x_wconf 69' lang='lat' dir='ltr'>che¹</span> <span class='ocrx_word' id='word_1_890' title='bbox 1883 2766 2038 2795; x_wconf 83' lang='lat' dir='ltr'>Modenesi‚</span> <span class='ocrx_word' id='word_1_891' title='bbox 2066 2766 2145 2791; x_wconf 77' lang='lat' dir='ltr'>avidi</span> <span class='ocrx_word' id='word_1_892' title='bbox 2173 2776 2205 2801; x_wconf 83' lang='lat'>45</span> 
     </span>
     <span class='ocr_line' id='line_1_73' title="bbox 1254 2809 2143 2841; baseline -0.001 -8"><span class='ocrx_word' id='word_1_893' title='bbox 1254 2809 1266 2820; x_wconf 73' lang='lat'>‘⁴</span> <span class='ocrx_word' id='word_1_894' title='bbox 1278 2810 1304 2833; x_wconf 91' lang='lat' dir='ltr'>di</span> <span class='ocrx_word' id='word_1_895' title='bbox 1328 2810 1484 2834; x_wconf 79' lang='lat' dir='ltr'>vendicarsi</span> <span class='ocrx_word' id='word_1_896' title='bbox 1500 2810 1527 2833; x_wconf 85' lang='lat' dir='ltr'>di</span> <span class='ocrx_word' id='word_1_897' title='bbox 1550 2811 1623 2833; x_wconf 83' lang='lat' dir='ltr'>tanti</span> <span class='ocrx_word' id='word_1_898' title='bbox 1639 2809 1735 2837; x_wconf 81' lang='lat' dir='ltr'>danni,</span> <span class='ocrx_word' id='word_1_899' title='bbox 1750 2810 1882 2833; x_wconf 82' lang='lat' dir='ltr'>uscirono</span> <span class='ocrx_word' id='word_1_900' title='bbox 1898 2817 1949 2832; x_wconf 90' lang='lat' dir='ltr'>con</span> <span class='ocrx_word' id='word_1_901' title='bbox 1964 2809 1989 2833; x_wconf 91' lang='lat' dir='ltr'>le</span> <span class='ocrx_word' id='word_1_902' title='bbox 2003 2817 2051 2833; x_wconf 86' lang='lat' dir='ltr'>sue</span> <span class='ocrx_word' id='word_1_903' title='bbox 2065 2809 2143 2841; x_wconf 85' lang='lat' dir='ltr'>genti</span> 
     </span>
     <span class='ocr_line' id='line_1_74' title="bbox 1255 2851 2144 2883; baseline 0.001 -9"><span class='ocrx_word' id='word_1_904' title='bbox 1255 2851 1306 2874; x_wconf 77' lang='lat' dir='ltr'>“di</span> <span class='ocrx_word' id='word_1_905' title='bbox 1328 2859 1381 2883; x_wconf 85' lang='lat' dir='ltr'>qua</span> <span class='ocrx_word' id='word_1_906' title='bbox 1396 2852 1430 2875; x_wconf 87' lang='lat' dir='ltr'>da</span> <span class='ocrx_word' id='word_1_907' title='bbox 1449 2852 1601 2876; x_wconf 85' lang='lat' dir='ltr'>Scoltenna</span> <span class='ocrx_word' id='word_1_908' title='bbox 1621 2854 1648 2875; x_wconf 88' lang='lat' dir='ltr'>et</span> <span class='ocrx_word' id='word_1_909' title='bbox 1662 2852 1690 2874; x_wconf 87' lang='lat' dir='ltr'>vi</span> <span class='ocrx_word' id='word_1_910' title='bbox 1707 2851 1797 2875; x_wconf 82' lang='lat' dir='ltr'>fecero</span> <span class='ocrx_word' id='word_1_911' title='bbox 1818 2852 1845 2875; x_wconf 88' lang='lat' dir='ltr'>di</span> <span class='ocrx_word' id='word_1_912' title='bbox 1867 2851 1948 2875; x_wconf 89' lang='lat' dir='ltr'>molti</span> <span class='ocrx_word' id='word_1_913' title='bbox 1970 2852 2036 2875; x_wconf 89' lang='lat' dir='ltr'>mali</span> <span class='ocrx_word' id='word_1_914' title='bbox 2049 2861 2055 2880; x_wconf 83' lang='lat'><strong>;</strong></span> <span class='ocrx_word' id='word_1_915' title='bbox 2070 2853 2097 2875; x_wconf 84' lang='lat' dir='ltr'>et</span> <span class='ocrx_word' id='word_1_916' title='bbox 2117 2858 2144 2875; x_wconf 92' lang='lat' dir='ltr'>se</span> 
     </span>
     <span class='ocr_line' id='line_1_75' title="bbox 1254 2893 2146 2925; baseline 0.001 -9"><span class='ocrx_word' id='word_1_917' title='bbox 1254 2894 1265 2905; x_wconf 71' lang='lat'>‘¹</span> <span class='ocrx_word' id='word_1_918' title='bbox 1278 2893 1430 2925; x_wconf 84' lang='lat' dir='ltr'>Bolognesi</span> <span class='ocrx_word' id='word_1_919' title='bbox 1447 2901 1503 2918; x_wconf 89' lang='lat' dir='ltr'>non</span> <span class='ocrx_word' id='word_1_920' title='bbox 1528 2893 1719 2925; x_wconf 86' lang='lat' dir='ltr'>ripigliavano</span> <span class='ocrx_word' id='word_1_921' title='bbox 1733 2895 1809 2917; x_wconf 86' lang='lat' dir='ltr'>tosto</span> <span class='ocrx_word' id='word_1_922' title='bbox 1836 2893 1931 2917; x_wconf 85' lang='lat' dir='ltr'>l&#39;arme</span> <span class='ocrx_word' id='word_1_923' title='bbox 1956 2901 2004 2925; x_wconf 85' lang='lat' dir='ltr'>per</span> <span class='ocrx_word' id='word_1_924' title='bbox 2024 2894 2085 2917; x_wconf 91' lang='lat' dir='ltr'>loro</span> <span class='ocrx_word' id='word_1_925' title='bbox 2106 2894 2146 2917; x_wconf 88' lang='lat' dir='ltr'>di—</span> 
     </span>
     <span class='ocr_line' id='line_1_76' title="bbox 1254 2934 2143 2967; baseline 0.001 -8"><span class='ocrx_word' id='word_1_926' title='bbox 1254 2935 1266 2947; x_wconf 84' lang='lat'>“</span> <span class='ocrx_word' id='word_1_927' title='bbox 1279 2935 1343 2963; x_wconf 78' lang='lat' dir='ltr'>sesa,</span> <span class='ocrx_word' id='word_1_928' title='bbox 1357 2936 1397 2967; x_wconf 86' lang='lat' dir='ltr'>gli</span> <span class='ocrx_word' id='word_1_929' title='bbox 1420 2937 1519 2959; x_wconf 87' lang='lat' dir='ltr'>nemici</span> <span class='ocrx_word' id='word_1_930' title='bbox 1536 2936 1683 2959; x_wconf 81' lang='lat' dir='ltr'>andavano</span> <span class='ocrx_word' id='word_1_931' title='bbox 1697 2934 1720 2959; x_wconf 89' lang='lat' dir='ltr'>a&#39;</span> <span class='ocrx_word' id='word_1_932' title='bbox 1740 2936 1826 2959; x_wconf 90' lang='lat' dir='ltr'>danni</span> <span class='ocrx_word' id='word_1_933' title='bbox 1842 2936 1869 2959; x_wconf 88' lang='lat' dir='ltr'>di</span> <span class='ocrx_word' id='word_1_934' title='bbox 1885 2935 1972 2960; x_wconf 84' lang='lat' dir='ltr'>Santo</span> <span class='ocrx_word' id='word_1_935' title='bbox 1985 2935 2100 2960; x_wconf 86' lang='lat' dir='ltr'>Andrea</span> <span class='ocrx_word' id='word_1_936' title='bbox 2114 2937 2143 2960; x_wconf 91' lang='lat' dir='ltr'>in</span> 
     </span>
     <span class='ocr_line' id='line_1_77' title="bbox 1251 2977 2207 3010; baseline 0.002 -9"><span class='ocrx_word' id='word_1_937' title='bbox 1251 2978 1264 2989; x_wconf 77' lang='lat'><em>“</em></span> <span class='ocrx_word' id='word_1_938' title='bbox 1276 2977 1452 3010; x_wconf 73' lang='lat' dir='ltr'>CuriglIano,</span> <span class='ocrx_word' id='word_1_939' title='bbox 1479 2985 1555 3002; x_wconf 86' lang='lat' dir='ltr'>come</span> <span class='ocrx_word' id='word_1_940' title='bbox 1581 2985 1652 3010; x_wconf 81' lang='lat' dir='ltr'>poco</span> <span class='ocrx_word' id='word_1_941' title='bbox 1678 2979 1774 3002; x_wconf 83' lang='lat' dir='ltr'>avanti</span> <span class='ocrx_word' id='word_1_942' title='bbox 1802 2978 1876 3003; x_wconf 81' lang='lat' dir='ltr'>fatto</span> <span class='ocrx_word' id='word_1_943' title='bbox 1896 2978 2043 3003; x_wconf 80' lang='lat' dir='ltr'>havevano</span> <span class='ocrx_word' id='word_1_944' title='bbox 2054 2996 2078 3009; x_wconf 81' lang='lat'>„.</span> <span class='ocrx_word' id='word_1_945' title='bbox 2103 2977 2145 3003; x_wconf 81' lang='lat' dir='ltr'>La</span> <span class='ocrx_word' id='word_1_946' title='bbox 2173 2985 2207 3010; x_wconf 82' lang='lat'>50</span> 
     </span>
    </p>
   </div>
   <div class='ocr_carea' id='block_1_13' title="bbox 2175 2352 2206 2379">
    <p class='ocr_par' dir='ltr' id='par_1_16' title="bbox 2175 2352 2206 2379">
     <span class='ocr_line' id='line_1_78' title="bbox 2175 2352 2206 2379; baseline -0.065 0"><span class='ocrx_word' id='word_1_947' title='bbox 2175 2352 2206 2379; x_wconf 87' lang='lat'>35</span> 
     </span>
    </p>
   </div>
  </div>
 </body>
</html>
