2318 3603
147 390 153 399 1
200 387 241 401 ἦα

147 1123 166 1135 c.
183 1123 210 1139 ⁴5
223 1120 232 1133 σ

264 1705 294 1722 10

262 1916 290 1941 15

260 2129 293 2146 20

260 2547 294 2571 30

262 2755 292 2780 35

265 2966 296 2989 40

914 242 1227 277 CHRONICON
1256 241 1567 278 MUTINENSE
1993 249 2043 283 [A.
2065 250 2158 282 1326]

319 315 2151 324 ..........................................................................................................................................................................................................

406 366 572 398 Dominus
595 365 798 397 Franciscus
830 365 873 396 de
895 363 1112 412 Menabobus
1144 364 1186 395 de
1212 364 1354 396 Feraria
1377 364 1534 396 Potestas
1557 364 1714 396 Mutinae
1743 364 1776 396 in
1799 364 1994 409 M.cccxxv·j
2027 365 2061 396 in
2087 365 2159 407 pri-

320 422 382 452 mis
406 429 465 451 sex
480 417 651 450 mensibus
674 417 822 458 inceptis
843 416 922 459 xxiij
948 416 1113 448 februarii
1127 415 1148 448 ¹.
1187 416 1286 447 Tunc
1303 426 1387 458 gens
1404 417 1581 449 Ecclesiae
1597 417 1693 449 venit
1710 417 1743 448 in
1761 416 1933 449 obsessum
1950 418 1994 449 ad
2011 424 2158 449 castrum

322 472 459 509 Sassoli‚
485 471 541 502 die
574 469 746 501 dominico
770 470 879 501 sancti
894 469 1036 512 Lacari3
1062 469 1154 511 quod
1179 475 1325 499 castrum
1350 469 1399 499 eis
1422 469 1581 501 traditum
1606 476 1639 501 et
1663 470 1778 501 datum
1803 470 1869 501 fuit
1897 470 1951 501 die
1976 470 2084 501 sabati
2107 480 2160 501 se-

320 525 436 568 quenti
448 523 470 556 ².
495 523 596 555 Dicto
613 529 768 563 tempore
786 522 909 563 elapsis
921 522 1041 563 paucis
1053 520 1174 552 diebus
1192 521 1286 552 dicta
1300 531 1383 563 gens
1400 521 1579 553 Ecclesiae
1597 522 1734 563 accepit
1750 528 1896 554 castrum
1912 522 2048 554 Marani
2060 522 2160 553 Aral-

322 579 391 611 dini
403 577 426 610 ³.
466 576 517 608 Eo
542 582 694 617 tempore
720 575 879 606 dominus
909 574 1092 617 Vereusius
1118 574 1160 605 de
1184 574 1307 605 Lando
1332 575 1375 605 de
1399 574 1577 606 Placentia
1608 575 1817 616 Capitaneus
1840 575 1953 618 gentis
1978 575 2159 607 Ecclesiae

318 631 436 663 habuit
468 641 529 671 per
562 628 783 660 concordiam
808 634 955 660 castrum
981 627 1134 669 Gorcani
1168 633 1202 658 et
1234 625 1383 669 Specani
1407 634 1440 658 et
1464 639 1526 669 per
1557 628 1626 660 vim
1652 628 1843 660 habuerunt
1875 634 2021 660 castrum
2049 628 2161 660 Castri

320 684 468 722 VeteriS‚
485 693 572 725 quae
598 688 710 713 castra
727 687 824 712 erant
840 681 884 712 ad
908 680 1137 712 obedientiam
1163 680 1309 712 civitatis
1332 680 1485 712 Mutinae
1511 687 1545 712 et
1569 681 1783 712 dominorum
1808 681 1970 713 eiusdem.
2010 681 2061 712 Eo
2078 688 2160 713 tem-

320 749 403 780 pore
428 737 476 767 illi
502 736 543 767 de
568 734 707 777 Corigia
732 743 808 765 cum
831 740 932 776 gente
955 733 1083 765 domini
1106 733 1227 776 Legati
1252 740 1419 774 ceperunt
1442 733 1746 776 Burghumfortem
1770 740 1803 765 et
1828 740 1909 765 tunc
1934 734 2052 765 civitas
2075 733 2160 765 Par-

320 802 395 822 mae
410 796 442 821 et
455 788 558 831 Regii
575 787 705 819 liberae
724 787 861 818 fuerunt
878 786 1006 818 domini
1022 785 1145 828 Legati
1157 785 1178 817 ⁴.
1196 785 1327 817 Eodem
1345 792 1497 827 tempore
1510 786 1545 816 in
1558 786 1751 829 M.cccxxvj
1767 786 1824 819 die
1842 786 1926 818 iovis
1943 787 2049 818 tercio
2067 797 2160 818 men-

320 844 364 875 sis
387 842 459 874 iulii
479 841 634 873 dominus
650 840 834 882 Vercusius
852 840 895 870 de
912 839 1034 870 Lando
1053 838 1260 879 Capitaneus
1276 839 1388 881 gentis
1403 839 1581 870 Ecclesiae
1599 840 1692 871 venit
1708 840 1742 870 in
1760 839 1928 881 burghum
1960 839 2162 871 Cittanovae

322 907 397 928 cum
413 900 516 938 gente
534 905 593 925 sua
611 899 643 924 et
659 892 706 924 ibi
723 892 814 924 stetit
831 892 953 935 viginti
971 890 1104 923 duobus
1128 891 1247 923 diebus
1265 897 1298 922 et
1315 901 1391 922 curn
1407 891 1575 923 machinis
1591 892 1658 923 suis
1681 893 1803 924 multas
1820 892 1951 934 lapides
1968 892 2111 934 proiecit
2128 891 2162 923 in

320 949 456 980 civitate
489 945 681 987 dirupando
706 945 860 987 undique
885 955 905 975 a
928 950 1031 976 strata
1063 943 1198 986 Regali,
1225 950 1257 975 et
1282 943 1315 974 in
1341 944 1440 975 dictis
1463 943 1550 975 villis
1574 944 1695 976 multas
1720 945 1838 976 domos
1855 944 2102 982 comburendo,
2127 950 2161 976 et

322 1000 504 1033 combussit
521 1000 689 1041 burghum
706 998 934 1041 Bacovariae3
953 1003 985 1028 et
998 997 1054 1028 die
1068 996 1242 1028 dominico
1259 997 1348 1040 xxvij
1367 996 1440 1027 iulii
1459 1007 1536 1028 cum
1549 1003 1650 1039 gente
1668 1008 1728 1029 sua
1740 998 1868 1029 dictum
1884 997 2160 1040 burghum-com-

321 1054 426 1087 bussit
443 1053 538 1095 quasi
555 1058 661 1083 totum
677 1057 709 1083 et
726 1051 875 1082 recessit.
901 1051 945 1082 Et
966 1050 1023 1081 die
1044 1050 1177 1081 veneris
1194 1059 1231 1080 1v
1247 1051 1372 1080 mensis
1390 1050 1461 1080 iulii
1478 1050 1645 1091 praedicti
1663 1057 1809 1082 castrum
1823 1052 1850 1082 F
1853 1050 2026 1093 ormiginis
2044 1051 2159 1082 datum

321 1108 385 1139 fuit
402 1107 517 1139 dictae
534 1105 627 1148 genti
644 1104 823 1136 Ecclesiae
841 1114 902 1145 per
920 1110 1075 1135 terrenos
1091 1102 1176 1134 dicti
1200 1103 1302 1134 castri
1327 1102 1533 1145 Formiginis
1546 1102 1566 1134 ⁵.
1614 1102 1672 1135 'Et
1695 1104 1750 1136 die
1775 1103 1883 1136 sabati
1899 1116 1919 1135 v
1947 1102 2073 1135 mensis
2089 1101 2162 1134 iulii

320 1161 534 1192 Mutinenses
546 1157 720 1190 intrinseci
735 1156 991 1189 combusserunt
1005 1156 1173 1198 burghum
1189 1155 1356 1198 Ganaceti
1372 1162 1404 1187 et
1419 1155 1527 1187 eciam
1541 1155 1696 1187 Albareti
1711 1162 1743 1188 et
1755 1157 1867 1188 eciam
1882 1157 2003 1188 domos
2017 1156 2161 1187 existen-

410 1288 431 1305 1.
451 1280 618 1304 Menabobis
633 1280 664 1303 A.
680 1292 710 1295 —
732 1286 745 1310 5
760 1286 774 1302 e
790 1285 829 1302 10.
852 1277 964 1308 Landol
979 1278 1029 1301 cos)
1045 1276 1135 1305 Mna.⁷
1152 1277 1210 1305 Cr.;
1225 1276 1339 1300 Landra
1353 1277 1387 1300 A.
1401 1290 1432 1294 —
1447 1276 1470 1300 6.
1485 1275 1623 1308 Gorzani]
1638 1277 1687 1301 cosi
1703 1285 1771 1301 corr.
1786 1277 1872 1305 Mun„
1889 1277 1934 1301 Cr.
1948 1278 1989 1300 col
2001 1276 2119 1308 conforto
2134 1276 2164 1300 di

321 1328 376 1355 M.;
393 1326 497 1349 Bazani
521 1325 550 1348 A.
571 1337 603 1341 —
625 1330 648 1355 7.
668 1322 872 1353 obedientiam]
893 1323 942 1346 cos)
963 1330 1031 1346 corr.
1049 1322 1109 1345 Cra:

1129 1321 1309 1344 obsidionem
1323 1322 1362 1350 A„
1378 1321 1456 1345 Mun.
1471 1335 1502 1339 —
1516 1329 1540 1353 9.
1563 1322 1724 1354 Mcccxxvjl
1738 1321 1788 1345 cosi
1809 1321 1895 1350 Μυκη
1912 1322 1972 1345 Cr.:
1996 1326 2060 1353 1325
2082 1321 2115 1344 A.
2129 1333 2161 1338 ——-

324 1378 362 1395 11.
383 1371 500 1403 proiecit
521 1369 553 1393 A.
572 1382 601 1385 --
624 1375 663 1399 13.
683 1367 777 1400 xxvij]
799 1374 829 1399 25
852 1368 893 1396 A„
914 1367 1000 1396 Mun„
1022 1367 1067 1390 Cr.
1087 1367 1121 1389 ed
1142 1367 1221 1389 anche
1242 1366 1297 1394 All„-
1326 1374 1367 1389 ma
1387 1367 1414 1389 la
1434 1367 1567 1389 domnica
1599 1366 1627 1391 su
1647 1366 1669 1389 il
1687 1372 1720 1395 27
1749 1366 1834 1397 luglio
1864 1367 1907 1389 nel
1925 1366 1992 1395 [326
2011 1378 2044 1382 -
2076 1371 2114 1396 14.
2134 1366 2161 1388 et

320 1416 434 1439 recessit
454 1414 533 1445 quasi
548 1415 639 1437 totum
660 1413 707 1439 A.;
729 1414 755 1435 ln
769 1420 836 1436 corr.
858 1412 870 1434 ὲ
890 1412 916 1435 in
937 1411 1022 1438 1111511η
1041 1410 1085 1434 Cr.
1100 1425 1132 1428 —
1149 1415 1187 1440 15.
1203 1410 1357 1441 terrigenas
1371 1418 1439 1434 corr.
1455 1410 1531 1434 Mun.
1547 1423 1578 1427 —
1595 1409 1635 1434 16.
1648 1411 1785 1442 burghum
1801 1410 1826 1433 in
1841 1410 1874 1434 A.
1888 1410 1901 1433 ι)
1915 1418 1983 1434 corr.
1997 1418 2025 1433 su
2039 1410 2161 1433 castrum

321 1489 365 1510 tra
385 1486 411 1509 le
430 1486 501 1509 altre
522 1483 591 1517 (cosi
613 1485 634 1507 si
666 1483 779 1507 illustra
808 1483 835 1506 la
859 1483 1017 1514 provisione
1045 1482 1090 1505 del
1118 1484 1215 1505 nostro

321 1529 472 1557 cronista):
496 1530 506 1539 “
520 1527 594 1558 quod
621 1533 719 1550 omnes
739 1527 765 1549 et
786 1525 891 1557 singoli
917 1525 1054 1556 capti....
1075 1525 1108 1548 ab
1130 1524 1215 1547 initio

324 1571 422 1594 “dicte
441 1576 597 1601 guerre....
624 1569 711 1591 libere
736 1568 839 1598 absque
865 1567 1024 1598 dispendio,
1051 1566 1217 1590 difficultate

324 1614 334 1625 ‘⁴
348 1613 406 1636 ulla
417 1620 463 1636 seu
475 1611 638 1635 extorsione
649 1611 753 1641 aliqua,
765 1609 960 1633 incontinenti
972 1609 1153 1632 rellassentur
1165 1618 1169 1636 ;
1180 1627 1184 1631 .
1194 1624 1216 1632 ..

323 1654 422 1686 “quod
442 1656 531 1677 castra
553 1652 705 1677 fortillicie
734 1654 761 1676 et
781 1653 853 1675 terre
883 1651 987 1675 Bazani
1009 1653 1036 1674 et
1059 1650 1216 1682 Savignani

324 1698 409 1720 “cum
434 1703 528 1720 earum
549 1694 711 1722 territoriis,
734 1693 980 1717 iurisdictionibus
1007 1694 1033 1716 et
1059 1692 1215 1716 honoribus

325 1742 335 1752 ⁸·
349 1740 492 1764 communi
509 1740 536 1762 et
550 1737 656 1770 populo
672 1736 801 1760 Bononie
822 1736 908 1759 libere
923 1737 1084 1759 remaneant
1096 1754 1101 1759 .
1111 1753 1117 1759 .
1130 1752 1136 1759 .
1147 1752 1154 1759 .
1186 1736 1216 1758 ut

324 1783 335 1794 ¹*
348 1783 412 1805 ante
432 1782 587 1813 presentem
606 1783 798 1811 guerram....
818 1779 844 1802 et
864 1785 911 1810 por
935 1777 1041 1801 dictum
1060 1777 1215 1801 Dominum

323 1825 335 1837 ⁴‘
348 1824 496 1847 relassetur
507 1822 597 1846 eidem
617 1821 761 1845 communi
771 1821 902 1844 Bononie
918 1820 992 1843 infra
1006 1821 1073 1844 octo
1092 1819 1198 1843 dies...
1210 1835 1216 1842 .

323 1866 335 1878 ·‘
347 1867 421 1889 terra
440 1867 467 1888 et
496 1866 615 1887 castrum
642 1862 913 1891 Montisl)elliig....
940 1861 1014 1892 quod
1044 1863 1165 1884 castrum
1189 1863 1216 1884 et

324 1909 422 1931 “terra
450 1905 626 1930 Nonantulle
655 1912 718 1928 cum
748 1904 825 1928 curia
855 1905 883 1927 et
911 1904 1058 1927 territorio
1087 1903 1145 1926 eius
1176 1904 1215 1926 sic

324 1949 444 1973 “haberi
472 1950 499 1972 et
528 1948 667 1980 possideri
698 1946 795 1970 debeat
832 1953 879 1978 per
905 1952 1052 1969 commune
1078 1945 1215 1973 Bononie,

324 1996 334 2004 ⁵*
345 1993 375 2015 ut
402 1997 476 2014 nunc
499 1991 610 2013 tenetur
631 1991 658 2012 et
677 1989 846 2020 possidetur,
867 1989 961 2020 spatio
981 1988 1104 2019 quinque
1129 1994 1216 2010 anno-

323 2034 334 2046 “
348 2041 408 2057 rum
429 2034 622 2056 secuturorum
643 2031 782 2063 proxime,
808 2032 949 2061 integrum
979 2037 1040 2053 cum
1067 2029 1215 2053 fortilitiis

323 2077 334 2088 ‘⁴
347 2077 415 2104 eius,
426 2075 450 2099 sl
462 2076 515 2106 ipsi
532 2075 671 2097 communi
687 2074 825 2105 placuerit
837 2074 977 2103 Integrum
989 2072 1118 2094 retinere.
1131 2069 1213 2097 Quod

323 2119 368 2142 “si
386 2118 492 2146 fecerit,
506 2116 588 2140 finito
603 2116 680 2139 dicto
693 2117 826 2147 tempore.
843 2115 937 2146 ipsum
951 2114 1049 2137 debeat
1063 2113 1140 2136 dieto
1155 2113 1214 2136 Do-

324 2161 336 2172 “
348 2161 426 2183 mino
448 2161 556 2191 integre
577 2157 722 2182 relassari:
743 2157 767 2180 si
788 2158 881 2181 autem
896 2157 987 2188 ipsum
1000 2161 1148 2179 commune
1162 2154 1214 2177 Bo—

323 2203 334 2214 ‘¹
348 2203 433 2226 nonie
452 2202 569 2233 eligeret
590 2208 663 2224 nunc
684 2202 710 2223 et
731 2200 765 2223 ad
786 2206 907 2231 presens,
934 2198 1007 2222 idest
1032 2198 1108 2221 infra
1129 2204 1215 2220 unum

323 2245 469 2268 “mensem
489 2244 629 2267 destruere
649 2242 754 2266 dictum
776 2243 896 2264 castrum
916 2242 943 2264 et
970 2239 1132 2263 fortillitias
1145 2240 1214 2268 eim,

324 2287 440 2318 “possit
460 2293 510 2317 pro
531 2285 617 2308 libito
636 2284 805 2311 voluntatis,
826 2284 852 2306 et
873 2283 912 2306 sic
936 2282 1168 2305 destructum....
1184 2281 1213 2303 in

323 2328 428 2351 “finem
448 2328 628 2351 1611111111..Η
650 2326 705 2349 13111
726 2326 802 2348 dicto
822 2325 949 2348 Domino
968 2323 1098 2347 relassari
1111 2339 1134 2352 „-

408 2369 538 2394 Secondo
560 2369 580 2392 il
608 2370 726 2392 trattato
754 2368 781 2391 di
803 2375 878 2399 pace,
902 2366 971 2390 tutti
996 2366 1006 2389 i
1032 2364 1214 2397 prigfflnieri,

322 2419 443 2436 nessuno
463 2413 629 2441 eccettuato‚
649 2411 797 2434 dovevano
809 2416 898 2433 essere
911 2408 1048 2431 restituiti
1067 2407 1079 2419 “
1094 2407 1214 2438 pristine

323 2454 519 2483 “libertati‚‚·,
548 2460 593 2476 ma
621 2452 631 2476 l
660 2452 813 2484 Bolognesi
844 2451 993 2474 dovevano
1023 2450 1088 2473 dare
1118 2448 1213 2472 dodici

322 2497 442 2528 ostaggi,
462 2496 497 2519 da
517 2493 666 2518 cambiarsi
686 2494 714 2517 di
731 2494 845 2524 quattro
860 2493 889 2516 in
904 2493 1016 2523 quattro
1038 2491 1115 2517 mesi,
1130 2490 1178 2513 che
1192 2489 1213 2512 il

321 2537 472 2561 Bonacolsi
493 2543 581 2560 aveva
601 2542 617 2559 3
636 2537 729 2559 tenere
752 2535 763 2546 ‘¹
777 2535 825 2558 sub
845 2534 970 2565 benigna
990 2532 1143 2561 custodia„
1166 2531 1214 2554 che

322 2580 471 2603 dovevano
491 2585 579 2602 essere
599 2578 679 2601 messi
700 2576 727 2600 la
748 2577 838 2609 prima
858 2575 938 2600 volta
959 2574 1032 2598 nelle
1058 2575 1149 2597 casate
1170 2573 1215 2596 dei

322 2621 396 2651 Paci,
417 2620 556 2647 Sabatini,
576 2619 765 2647 Basacomari,
784 2619 819 2642 da
833 2618 905 2647 Sala,
921 2616 1087 2644 Beccadelli,
1108 2616 1141 2639 da
1161 2615 1215 2638 Ar-

320 2663 421 2695 gelata.
442 2661 570 2690 Castelli,
589 2661 722 2689 Boatieri,
742 2660 870 2692 Tinagli⁷
889 2659 1023 2687 Rodaldi,
1038 2657 1215 2685 Zovenzoni,

323 2703 522 2734 Ghlsolabelh,
543 2703 562 2726 il
582 2702 649 2726 fiore
669 2700 730 2726 cioe
749 2701 793 2725 del
813 2701 959 2734 guelfismo
979 2701 1139 2732 bolognese.
1176 2699 1215 2722 Di

322 2748 413 2778 questi
435 2747 545 2778 ostaggi
566 2746 589 2768 si
610 2742 719 2776 seguito
742 2744 762 2767 il
777 2745 885 2768 cambio
906 2751 920 2767 e
940 2744 1048 2767 l’invio
1069 2741 1215 2774 periodico

323 2796 371 2821 per
390 2786 440 2821 piii
460 2789 542 2816 anni3
564 2789 645 2811 tanto
667 2786 715 2809 che
735 2787 798 2810 sino
819 2786 845 2809 31
867 2785 1011 2818 principio
1032 2784 1075 2808 del
1100 2782 1164 2815 1328
1191 2783 1216 2806 si

323 2832 358 2854 ha
378 2831 400 2854 il
421 2830 556 2854 mandato
576 2829 603 2853 di
619 2830 789 2861 pagamento
804 2828 989 2859 dell’assegno
1005 2827 1078 2851 fatto
1093 2827 1155 2849 loro
1169 2825 1215 2849 dal

323 2880 440 2897 comune
452 2872 480 2896 di
494 2872 623 2903 Bologna
634 2869 678 2902 (R.
689 2871 783 2895 Auen.
797 2877 827 2894 1>1
839 2870 936 2894 STATO
951 2876 981 2893 m
995 2869 1147 2897 Romarm,
1168 2868 1216 2891 Ri-

316 2915 497 2947 sormagionz',
517 2914 591 2938 libro
605 2915 721 2945 segnato
736 2913 795 2942 AL,
816 2920 837 2936 e.
852 2911 886 2935 26
896 2911 930 2942 b),
945 2912 1037 2935 donde
1052 2911 1153 2934 risulta
1166 2910 1215 2933 che

324 2957 412 2980 allora
432 2963 518 2980 erano
541 2954 676 2979 “obsides
696 2955 726 2978 in
753 2955 870 2978 civitate
891 2954 1030 2982 Mantue„
1052 2953 1062 2976 i
1088 2952 1213 2983 seguenti

324 2999 458 3022 cittadini
485 2998 647 3029 bolognesi:
675 2997 770 3020 Pietro
796 2997 824 3019 di
851 2995 1001 3019 Tommaso
1027 2994 1216 3025 Formaglini,

1271 1482 1359 1506 Paolo
1374 1481 1403 1505 di
1419 1481 1565 1505 Giovnnni
1580 1481 1714 1509 Federici,
1729 1481 1890 1504 Antoniolo
1905 1480 2086 1509 Samaritani,
2100 1480 2164 1503 Ber-

1270 1524 1356 1547 tolini
1379 1523 1405 1546 di
1427 1522 1546 1547 Niccolo
1566 1523 1658 1551 Dotti,
1680 1521 1799 1546 Niccolb
1820 1523 1847 1546 di
1869 1523 2030 1553 Dondiglio
2057 1521 2162 1545 Tenea-

1272 1567 1336 1592 rari,
1358 1565 1501 1588 Giovanni
1531 1565 1557 1588 di
1586 1564 1736 1588 Tommaso
1762 1564 1912 1594 Ottoboni,
1937 1564 2109 1587 Alessandro
2135 1563 2163 1587 di

1272 1608 1345 1631 Luca
1360 1607 1557 1638 Bambaglioli,
1572 1607 1715 1631 Masolino
1730 1607 1757 1630 di
1773 1606 1873 1637 Biagio
1888 1606 2092 1637 Mangiaventi,
2108 1605 2163 1629 Gu-

1271 1651 1388 1681 glielmo
1412 1651 1438 1674 di
1461 1651 1544 1674 Basio
1570 1651 1780 1680 Mezzovillan5,
1806 1649 1968 1674 Zarlottino
1991 1650 2016 1673 di
2044 1649 2163 1674 Alberto

1272 1693 1391 1716 Mantici
1412 1701 1424 1716 e
1445 1693 1631 1716 Giovannino
1652 1693 1685 1716 da
1705 1693 1818 1716 Bisano.

1361 1735 1366 1749 ¹
1388 1734 1493 1762 Qucsta
1513 1736 1671 1766 podestcria
1692 1735 1735 1759 del
1752 1733 1872 1758 Menabo
1888 1735 1933 1764 (cf.
1950 1736 2016 1758 nota
2031 1739 2044 1765 5
2061 1741 2075 1757 a
2089 1741 2115 1765 p.
2131 1738 2165 1764 70

1271 1784 1285 1800 e
1297 1780 1363 1801 nota
1378 1784 1401 1805 2,
1416 1785 1433 1809 p
1455 1777 1498 1808 72)
1513 1775 1583 1801 duro
1598 1785 1635 1801 un
1651 1785 1735 1805 anno,
1748 1778 1779 1800 cd
1791 1776 1804 1800 ὲ
1819 1777 2016 1800 documentata
2031 1775 2077 1800 dal
2092 1783 2164 1806 mag-

1271 1819 1318 1850 gio
1332 1819 1396 1850 1326
1408 1820 1433 1843 al
1449 1827 1478 1850 14
1488 1820 1613 1843 febbraio
1627 1825 1690 1850 1327
1701 1820 1802 1846 tillem..
1815 1828 1837 1842 a.
1851 1818 1925 1850 1326,
1936 1827 1982 1842 nn.
1994 1816 2067 1849 1406,
2081 1824 2163 1850 2951;

1272 1868 1294 1884 a.
1310 1866 1382 1891 1327,
1396 1868 1420 1884 n.
1437 1859 1499 1892 526;
1516 1860 1683 1883 srammento
1698 1860 1724 1883 di
1741 1868 1777 1883 un
1793 1860 1865 1883 libro
1880 1860 1907 1883 di
1924 1867 2000 1890 spese
2014 1866 2102 1882 messo
2116 1866 2165 1890 per

1272 1903 1362 1933 soglio
1382 1903 1409 1926 di
1431 1902 1547 1933 guardia
1568 1903 1611 1925 nei
1635 1903 1723 1928 Mem..
1743 1909 1767 1926 a.
1786 1908 1860 1933 1312,
1878 1900 1924 1932 11).
1962 1901 2030 1924 Pare
2050 1901 2099 1924 che
2119 1900 2164 1923 nel

1271 1945 1396 1968 febbraio
1421 1951 1484 1977 1327
1507 1945 1526 1967 il
1547 1952 1596 1968 suo
1612 1951 1767 1968 successore
1782 1946 1905 1967 entrasse
1921 1944 1948 1967 in
1964 1943 2059 1966 ufficio
2074 1943 2164 1974 prima

1271 1987 1344 2011 della
1358 1989 1488 2019 partenza
1515 1987 1558 2010 del
1580 1985 1713 2014 Menabb3
1738 1986 1771 2010 cf.
1794 1988 1870 2010 sotto
1890 1986 1916 2010 la
1938 1988 2004 2009 nota
2021 1991 2033 2016 5
2049 1993 2063 2009 a
2078 1993 2103 2016 p.
2118 1991 2165 2016 95.

1358 2027 1368 2043 ²
1389 2028 1427 2052 La
1448 2030 1593 2052 domenica
1614 2029 1640 2052 di
1662 2027 1766 2052 Lazaro
1786 2026 1800 2051 ‘c
1829 2028 1855 2051 la
1876 2029 1974 2058 quinta
2001 2027 2074 2051 della
2100 2034 2164 2057 qua-

1270 2072 1378 2096 resima.
1398 2079 1411 2093 e
1433 2070 1476 2094 nel
1500 2069 1566 2101 1326
1587 2071 1615 2093 fu
1637 2070 1656 2093 il
1671 2077 1686 2101 9
1702 2070 1844 2093 1113120111
1866 2070 1963 2093 sabato
1979 2070 2110 2100 seguente
2135 2068 2164 2091 fu

1272 2113 1291 2136 il
1315 2120 1343 2144 ¹5
1365 2120 1463 2136 marzo.
1502 2112 1646 2143 Occupato
1667 2112 1799 2136 Sassuolo
1819 2112 1893 2135 dalle
1913 2111 2018 2134 milizie
2038 2110 2165 2134 ecclesia-

1270 2155 1358 2178 stiche
1370 2156 1397 2178 vi
1414 2155 1442 2178 su
1454 2156 1536 2186 posto
1548 2162 1585 2178 un
1598 2155 1777 2178 funzionario
1789 2161 1836 2184 per
1853 2152 1969 2177 “iudice
1983 2155 2010 2176 et
2025 2155 2164 2184 rectorem

1269 2198 1399 2221 duratovi
1420 2198 1467 2228 poi
1484 2198 1546 2220 sino
1561 2205 1575 2220 a
1590 2197 1638 2220 che
1659 2196 1679 2219 il
1695 2196 1812 2220 castello
1829 2196 1857 2219 fu
1873 2196 2066 2227 assogge‘ctato
2086 2194 2162 2226 dagli

1270 2240 1379 2264 Estensi
1402 2240 1446 2262 nel
1469 2246 1534 2271 1339
1555 2238 1679 2270 (Tutzis,
1700 2239 1771 2266 Die.y
1792 2238 1826 2266 ΙΙ,
1847 2236 1917 2269 31²)-

1357 2279 1368 2295 3
1389 2281 1544 2304 Mai-anemo
1560 2281 1589 2304 su
1605 2281 1649 2311 poi
1667 2281 1811 2303 restituito
1827 2279 1852 2303 al
1868 2287 1984 2302 comune
1999 2279 2026 2302 di
2043 2278 2163 2302 Modena

1270 2323 1364 2347 l'anno
1386 2325 1515 2354 seguente
1537 2322 1660 2353 (Timum,
1682 2322 1728 2352 ivi,
1751 2322 1783 2349 ΙΙ,
1809 2321 1858 2352 14).
1897 2321 1980 2352 Dopo
1995 2320 2164 2347 Maranello,

1270 2365 1402 2389 Verzusio
1423 2365 1520 2388 Laudo
1541 2365 1607 2388 ebbe
1627 2372 1675 2395 per
1695 2364 1846 2387 concordia
1866 2364 1873 2386 i
1896 2363 2003 2386 castelli
2029 2363 2056 2386 di
2079 2362 2161 2393 Spez-

1270 2415 1340 2430 zano
1360 2415 1373 2430 e
1394 2406 1538 2435 Gorzano;
1559 2407 1605 2437 poi
1628 2414 1675 2437 per
1696 2406 1775 2429 forza
1801 2404 1988 2432 castelvetro,
2015 2404 2162 2428 sacendovi

1269 2450 1436 2480 prigionieri
1460 2450 1466 2471 i
1488 2449 1622 2480 capitani,
1643 2448 1691 2471 che
1706 2455 1790 2471 erano
1809 2447 1971 2477 Inghiramo
1986 2447 2020 2470 da
2035 2445 2164 2470 Gorzano

1269 2499 1282 2514 e
1303 2491 1463 2521 Loderingo
1483 2491 1517 2514 (13
1537 2490 1644 2518 Solina,
1665 2490 1793 2513 condotti
1821 2489 1987 2520 prigionieri
2011 2487 2083 2511 nelle
2111 2495 2166 2510 car-

1269 2534 1322 2556 ceri
1344 2532 1372 2556 di
1394 2532 1529 2563 Bologna.

1357 2576 1368 2591 ⁴
1389 2575 1549 2605 L'impresa
1570 2575 1613 2597 cui
1641 2574 1858 2604 parteciparono
1880 2573 1887 2595 i
1915 2573 2023 2603 signori
2045 2572 2079 2595 da
2099 2570 2166 2595 Cor-

1270 2618 1365 2648 reggio
1381 2616 1409 2640 fu
1425 2616 1468 2640 nel
1484 2617 1600 2648 giugno.
1615 2623 1662 2647 per
1678 2615 1812 2646 impedire
1828 2613 1883 2637 alle
1897 2614 2002 2636 milizie
2016 2613 2060 2637 del
2078 2612 2166 2636 Bona—

1270 2658 1338 2682 colsi
1359 2658 1386 2681 di
1408 2665 1519 2689 passare
1539 2658 1566 2681 di
1588 2665 1642 2688 qua
1663 2656 1709 2681 dal
1729 2656 1777 2683 Po,
1792 2664 1806 2679 e
1821 2657 1842 2678 si
1860 2655 1953 2678 svolse
1968 2655 2001 2678 da
2017 2654 2164 2679 Guastalla

1270 2708 1284 2723 a
1304 2700 1442 2723 Breseello
1463 2700 1537 2730 (Chr.
1553 2702 1652 2729 parm..
1673 2699 1743 2722 ediz.
1764 2697 1891 2725 Bonazzi,
1907 2703 1932 2727 p.
1957 2695 2012 2724 182,
2032 2696 2062 2720 ll.
2082 2697 2164 2727 3·²2)·

1270 2742 1309 2766 La
1330 2743 1455 2774 signoria
1475 2742 1503 2765 di
1525 2741 1624 2765 Parma
1644 2741 1674 2764 fu
1694 2740 1757 2764 data
1778 2740 1804 2763 al
1819 2739 1912 2770 legato
1936 2739 2090 2762 Bertrando
2117 2745 2165 2770 per

1271 2783 1476 2807 deliberazione
1507 2783 1550 2807 del
1583 2782 1733 2814 Consiglio
1760 2781 1889 2812 generale
1919 2780 1962 2803 ‹lel
1991 2787 2025 2811 30
2054 2782 2163 2804 settem-

1272 2825 1318 2848 bre
1344 2825 1402 2855 (ι’-ιη’,
1423 2832 1449 2856 p.
1473 2824 1529 2855 184,
1549 2824 1579 2848 11.
1609 2823 1709 2856 16-45);
1730 2822 1823 2854 quella
1844 2822 1873 2845 di
1899 2822 2007 2853 Reggio
2035 2822 2055 2844 il
2081 2829 2098 2852 4
2123 2822 2164 2845 ot-

1272 2868 1351 2891 tobre
1384 2866 1526 2899 (GAZATA,
1559 2867 1618 2890 Chr.
1650 2874 1717 2896 reg„
1748 2866 1777 2888 in
1808 2865 1871 2888 RR.
1904 2865 1941 2888 ΙΙ.
1973 2864 2030 2894 SS„
2060 2863 2163 2891 XVIII,

1271 2909 1325 2933 col.
1341 2907 1393 2941 38).

1359 2950 1370 2966 5
1389 2951 1440 2974 Per
1460 2951 1487 2974 13
1506 2957 1586 2982 presa
1606 2950 1633 2973 di
1654 2948 1819 2980 Formigine
1834 2949 1940 2972 sembra
1955 2950 2043 2972 esatta
2057 2948 2084 2972 la
2098 2948 2163 2971 data

1270 2994 1312 3017 dei
1336 2995 1433 3017 nostro
1453 2994 1591 3016 cronista:
1611 2991 1701 3016 anche
1719 2991 1737 3014 il
1754 2991 1793 3014 M.
1808 2991 1869 3014 dice
1883 2991 1932 3014 che
1947 2991 1975 3014 su
2001 2990 2020 3013 il
2035 2998 2050 3021 4
2065 2990 2164 3021 luglio,

2190 839 2227 869 10

2192 1608 2224 1634 45

2195 1819 2227 1843 50

2194 2031 2224 2057 55

2193 2237 2227 2261 60

2194 2665 2227 2691 70

2193 2876 2224 2903 75
