2370 3603
31 1066 64 1083 10

29 1484 62 1501 20

30 1693 60 1719 τε

27 1906 62 1931 30

28 2111 59 2138 33

25 2324 60 2348 40

24 2531 56 2556 45

23 2741 58 2766 50

22 2950 53 2975 55

93 252 175 286 [ΛΑ.
196 253 384 285 1335-1336]

706 245 957 280 IOHANNIS
986 245 1056 280 DE
1083 242 1303 280 BAZANO

1012 318 1923 326 .....................................................................................................

182 368 221 399 In
245 369 337 400 dicto
362 368 538 400 millesimo
562 367 794 408 [M.ccc.zw<v]
812 367 869 399 die
886 366 1022 398 veneris
1046 366 1151 409 [xxiiij
1177 365 1356 406 februarii]
1382 366 1502 397 civitas
1534 366 1659 397 Ianuae
1693 369 1836 406 accepta
1864 364 1929 395 fuit

571 419 623 437 *2⁸*
636 419 658 451 1·

96 421 187 464 Regi
211 421 367 452 Roberto
391 420 546 462 Apuleae

180 473 347 505 Dominus
370 473 521 504 Maffeus
546 473 589 504 de
621 471 836 514 Franguellis
860 473 903 503 de
927 472 1075 504 civitate
1106 471 1248 504 Castelli
1273 470 1427 503 Potestas
1459 470 1612 503 Mutinae
1645 471 1679 501 in
1710 470 1927 513 M.cccxxxvj

90 525 124 556 in
148 526 267 567 primis
290 537 349 557 sex
372 525 545 557 mensibus
562 525 708 567 inceptis
732 525 768 556 in
792 525 946 556 calendis
962 524 1114 556 ianuarii.
1154 524 1254 555 Tunc
1273 524 1327 556 die
1345 523 1413 566 xiiij
1438 524 1582 556 ianuarii
1601 523 1837 556 Gualandinus
1861 522 1931 563 [de]

184 648 206 666 1.
226 641 254 665 M
258 649 390 666 ,cccxxxv
400 650 413 665 e
422 647 512 672 xxnIJ
531 640 657 671 febrarii!
672 645 757 672 queste
770 641 831 664 dale
842 648 902 665 sono
916 640 1047 672 aggiunte
1061 641 1096 664 da
1109 648 1148 664 me
1156 643 1208 670 per
1220 641 1363 672 maggiore
1381 640 1530 668 chiarezza,
1543 639 1687 664 mancando
1701 640 1747 662 nel
1756 642 1821 664 testo
1835 639 1846 662 i
1852 639 1929 668 passi

96 686 140 708 cui
150 685 174 709 si
184 686 224 718 sa
242 686 408 718 rtjerimento
423 699 454 703 —
469 692 492 709 2.
507 685 643 717 Apuleae]
659 693 784 710 mancano
797 686 824 708 in
838 685 861 708 Α
866 703 880 711 .,
894 683 1056 715 all’infuori
1073 685 1101 708 di
1113 688 1204 715 questa
1216 692 1246 708 su
1268 683 1387 714 Genava,
1400 688 1469 709 tutte
1481 685 1504 708 le
1517 685 1585 708 altre
1598 684 1694 707 notizie
1706 683 1840 707 dell’anno
1852 690 1927 710 15³5.

93 728 126 752 Si
136 732 251 753 trovano
264 730 292 752 in
310 730 360 758 M„
367 733 398 760 p.
417 730 474 757 208,
495 730 513 753 l.
532 734 566 757 27
582 742 590 746 —
600 732 630 759 p.
649 735 699 753 211
718 729 735 752 l.
750 735 783 758 27
799 727 914 759 [Eodem
929 735 1004 752 anno
1019 727 1094 752 facta
1169 729 1196 751 et
1209 735 1326 752 comune
1340 727 1476 752 Mutinae.
1491 728 1622 752 Notevole
1641 727 1685 750 che
1698 727 1726 751 in
1738 726 1776 750 M.
1791 726 1871 756 (come
1883 726 1930 749 del

90 776 160 796 resto
173 774 253 797 anche
263 774 289 796 in
306 773 349 804 T.)
363 781 487 798 marmano
500 774 576 804 qnasi
589 774 634 797 del
645 776 712 797 tutto
720 777 772 803 per
791 777 878 804 questo
897 781 921 797 a.
940 779 988 804 133
988 778 1010 803 5
1021 772 1047 796 le
1059 773 1128 796 altre
1141 772 1236 797 notizie
1249 772 1293 795 dei
1304 772 1368 796 mesi
1387 773 1516 797 anteriori
1529 773 1560 796 al
1566 772 1676 803 giugno
1691 785 1721 788 —
1738 779 1762 802 4.
1777 770 1929 795 Gualandi-

93 823 146 840 nus
164 817 206 846 A„
221 817 281 847 Cr.;
296 817 469 842 Guidinellus
483 818 571 848 Mum,
590 818 631 841 M.
651 830 662 834 —
682 817 715 841 de
731 818 744 840 ὲ
757 818 784 840 in
798 816 884 847 Mun„
906 817 961 846 Cr.,
974 817 1016 840 M.

89 894 173 919 passo
193 888 242 911 che
260 895 342 919 segue
361 888 618 912 immediatamente
638 889 669 911 in
690 889 729 911 M.
749 888 805 912 alle
818 888 924 912 notizie
938 887 981 910 del

91 937 104 954 2
125 938 139 954 e
158 937 173 962 3
193 930 284 962 luglio
305 938 336 954 su
356 930 480 955 l'andata
494 931 568 954 delle
580 932 659 963 genti
674 931 718 954 del
734 931 876 954 Marchese
889 930 983 953 d‘Este

90 978 105 995 e
124 971 169 995 dei
188 971 334 995 Modenesi
355 979 369 995 a
389 970 587 1003 Spilamberto,
607 972 632 995 le
652 972 727 1003 quali
742 979 803 995 esso
816 972 850 995 ha
866 978 982 994 comune

91 1021 143 1036 con
164 1014 211 1037 A.:
232 1013 309 1037 “Die
329 1014 438 1038 veneris
460 1014 522 1045 xiiij
544 1014 672 1037 octobris
685 1013 777 1038 Obizo
797 1014 830 1037 de
844 1013 982 1044 Balugola

93 1056 104 1068 ‘¹
117 1056 274 1088 detemptus
294 1055 348 1079 fuit
368 1057 397 1079 in
417 1057 536 1080 civitate
548 1056 660 1080 Mutine
674 1056 822 1079 occasione
837 1056 981 1079 cuiusdam

93 1097 105 1110 ‘⁴
117 1099 262 1121 tractatus.
299 1097 353 1121 Die
373 1098 474 1121 octavo
495 1099 656 1122 novembris
677 1096 853 1121 Gerardinus
873 1097 906 1120 de
920 1097 978 1120 Piis

93 1138 146 1163 “se
169 1140 311 1171 seperavit
335 1139 449 1163 Mutina
475 1142 502 1164 et
530 1141 584 1164 ivit
610 1140 766 1164 Veronam:
794 1141 821 1163 et
847 1147 862 1163 a
889 1140 981 1163 medio

93 1182 104 1194 ‘⁴
117 1183 220 1205 mensis
241 1182 402 1206 novembris
422 1189 508 1213 usque
529 1183 561 1206 ad
590 1182 712 1206 medium
735 1189 855 1205 mensem
883 1181 978 1204 martii

92 1223 192 1247 “uixit
219 1224 262 1247 vcl
281 1224 388 1256 pluviit
408 1225 542 1248 continue
552 1241 577 1254 „.
615 1223 682 1248 Cosi
702 1224 798 1247 finisce
819 1224 838 1246 il
859 1222 980 1246 secondo

91 1268 220 1290 semestre
239 1265 331 1290 dell’a.
354 1273 419 1298 1334
443 1267 472 1290 in
503 1267 543 1290 M.
571 1274 584 1289 e
613 1266 786 1290 dovrebbero
816 1273 881 1289 aver
907 1265 982 1296 prin-

89 1308 165 1339 cipio
180 1308 206 1331 le
220 1308 325 1332 notizie
339 1308 383 1332 del
398 1309 491 1339 primo
504 1310 633 1332 semestre
648 1308 740 1332 dell‘a.
758 1313 831 1339 1335.
848 1315 890 1330 ma
905 1307 980 1338 dopo

90 1350 117 1374 la
130 1350 339 1374 dichiarazione
346 1351 398 1374 che
406 1351 428 1374 il
440 1351 605 1382 Franguelli
621 1351 651 1374 su
659 1348 777 1381 podest&
788 1352 864 1374 tutto
875 1349 980 1378 l'anno,

90 1393 269 1417 cominciano
299 1393 394 1417 subito
426 1393 452 1416 le
481 1394 590 1417 notizie
615 1393 659 1416 del
689 1393 796 1424 giugno
829 1392 878 1415 che
906 1397 979 1414 sono

90 1433 248 1464 riprodotte
268 1432 343 1456 nella
364 1435 432 1457 nota
452 1434 594 1465 seguente.

177 1474 187 1491 ¹
206 1475 334 1500 Secondo
349 1476 419 1500 altre
433 1476 510 1500 fonti
524 1477 550 1500 la
565 1478 687 1501 eacciata
701 1476 776 1507 degli
790 1474 930 1507 Angioini
946 1472 980 1496 da

89 1517 206 1542 Genova
218 1518 246 1542 fu
259 1518 280 1542 il
292 1518 324 1542 28
341 1518 469 1542 febbraio
479 1516 527 1548 (cs.
538 1517 657 1547 STELLA,
668 1519 786 1545 Ann.,1n
800 1519 862 1541 HR.
875 1518 911 1541 ΙΙ.
921 1518 980 1548 SS.‚

90 1559 174 1590 XVII,
190 1559 242 1583 col.
260 1558 337 1587 1068:
352 1558 385 1583 G.
400 1559 535 1587 Virtam,
552 1560 605 1590 Cr.,
621 1559 666 1587 XI,
688 1559 740 1590 24).
769 1559 790 1582 Il
806 1566 839 1591 24
855 1560 980 1583 febbraio

90 1602 119 1625 fu
141 1601 161 1624 il
182 1602 327 1633 principio
347 1601 420 1625 della
442 1602 621 1625 rivoluzione
640 1609 785 1633 genovese.

176 1642 216 1667 La
237 1643 338 1667 lacuna
358 1644 380 1667 si
402 1643 519 1675 riempie
539 1651 590 1667 con
613 1643 638 1667 Ie
658 1644 785 1675 seguenti
806 1643 914 1667 notizie
935 1643 979 1666 del

89 1685 210 1708 secondo
230 1687 360 1708 semestre
380 1685 424 1709 del
446 1690 509 1717 1335
525 1686 574 1709 che
588 1686 610 1708 si
632 1686 755 1717 leggono
772 1686 799 1708 in
814 1686 853 1708 M.
868 1685 906 1716 (p.
922 1684 980 1713 208,

89 1726 250 1757 l.27-211,l.
267 1727 323 1759 27):
340 1726 470 1751 “Eodem
482 1734 557 1751 anno
573 1727 647 1751 facta
662 1727 775 1751 fuerunt
788 1727 931 1751 butifreda
944 1727 979 1750 ad

91 1767 103 1779 ‘¹
116 1768 288 1792 barbacanos
307 1768 455 1792 Portarum
475 1770 601 1792 omnium
622 1769 750 1792 civitatis
770 1768 889 1792 Mutine.
926 1769 980 1792 Die

91 1809 103 1821 “
116 1810 262 1834 dominico
282 1811 308 1843 xj
330 1811 433 1834 mensis
453 1811 527 1835 iunii
546 1813 643 1842 gentes
664 1811 839 1835 Marchionis
853 1811 979 1834 Estensis

92 1852 103 1863 ‘¹
115 1854 142 1876 et
161 1852 290 1876 Marchio
309 1851 473 1884 Raynaldus
491 1855 629 1877 venerunt
648 1853 678 1876 in
704 1853 829 1876 exercitu
849 1853 880 1876 in
906 1855 979 1876 terra

92 1894 205 1919 “Masse
224 1895 372 1919 districtus
392 1895 502 1919 Mutine
521 1897 548 1919 et
568 1895 614 1919 die
633 1896 708 1919 iovis
729 1903 765 1919 xv
785 1897 890 1919 mensis
904 1896 979 1919 iunii

89 1934 102 1946 ‘¹
114 1936 305 1960 castrametati
318 1935 432 1960 fuerunt
443 1936 478 1960 ad
492 1937 602 1967 Aquam
616 1937 731 1967 longam
745 1939 772 1960 et
786 1937 826 1960 ibi
841 1938 979 1960 steterunt

89 1977 102 1990 “
113 1978 240 2009 pluribus
250 1979 354 2007 diebus,
366 1979 467 2003 deinde
477 1987 505 2003 se
517 1980 582 2003 inde
595 1982 794 2011 seperaverunt
804 1981 831 2003 et
842 1981 979 2003 venerunt

91 2020 103 2032 ‘⁴
115 2027 196 2052 super
209 2021 401 2053 Formiginem
416 2022 543 2045 Veterem
558 2022 591 2045 de
604 2022 756 2045 Bertelotis
770 2022 803 2045 de
816 2028 899 2054 super
912 2022 977 2045 For-

91 2062 222 2094 “migine
240 2062 336 2088 Veteri
355 2064 472 2096 desuper
492 2064 525 2087 ad
546 2065 748 2088 monasterium
767 2063 869 2087 Sancte
889 2063 978 2087 Marie

91 2104 104 2117 “
115 2104 194 2128 Nove
213 2107 241 2128 et
255 2106 284 2129 in
298 2105 384 2130 dictis
398 2106 470 2129 locis
485 2105 582 2129 diebus
598 2106 642 2138 iiij
659 2106 850 2130 castrametati
865 2106 979 2130 fuerunt

90 2146 103 2158 ‘⁴
114 2149 142 2170 et
155 2147 256 2172 deinde
269 2148 383 2171 iverunt
395 2148 431 2171 ad
451 2147 538 2171 villas
551 2148 634 2171 Rami
648 2149 675 2171 et
689 2147 921 2180 Campigagliani
934 2154 978 2171 ca-

89 2188 102 2201 “
113 2190 308 2214 strametantes
330 2190 433 2213 ibidem
453 2190 541 2214 tribus
555 2190 666 2219 diebus3
682 2190 791 2213 demum
814 2190 928 2214 iverunt
943 2190 977 2213 ad

90 2229 104 2242 “
115 2231 212 2255 villam
228 2231 356 2264 Gargalli
371 2234 599 2256 castrametantes
615 2232 717 2256 ibidem
732 2239 788 2256 una
799 2232 845 2256 die
855 2234 882 2256 et
896 2234 978 2256 nocte

89 2270 101 2284 ¹‘
113 2275 140 2296 et
160 2273 225 2297 inde
244 2276 443 2305 seperaverunt
463 2276 490 2298 et
509 2276 677 2305 perexerunt
695 2274 730 2297 ad
756 2274 855 2297 villam
881 2272 976 2297 Sancti

89 2313 229 2340 “Martini
250 2315 284 2339 de
303 2315 396 2340 Situla
415 2316 642 2340 castrametando
668 2316 773 2340 ibidem
799 2316 897 2340 diebus
918 2316 977 2348 iiij:

89 2354 102 2367 “
112 2358 308 2382 comburentes
325 2358 431 2386 domos,
446 2358 604 2382 incidentes
619 2358 730 2382 arbores
742 2361 771 2382 et
783 2359 882 2383 blavas
896 2359 976 2382 deva·

89 2397 101 2410 “
112 2400 219 2423 stantes
232 2399 262 2423 in
277 2400 400 2423 maxima
413 2401 573 2431 quantitate
588 2401 617 2422 in
632 2400 762 2423 omnibus
777 2400 976 2431 suprascriptis

89 2438 101 2451 “
114 2440 185 2465 locis
198 2443 226 2465 et
239 2441 270 2465 in
284 2441 355 2465 locis
369 2442 596 2469 circumvicinis;
607 2444 634 2465 et
648 2442 827 2473 postmodum
839 2444 977 2465 venerunt

86 2480 206 2506 “versus
226 2481 383 2507 Civitatem
401 2490 449 2516 per
474 2483 559 2507 villas
584 2483 715 2507 Sorbarie
740 2486 768 2507 et
793 2484 921 2508 Albareti
948 2486 976 2507 et

88 2522 244 2548 “Cesarum
264 2526 492 2549 castrametantes
512 2525 631 2557 ibidemg
644 2525 741 2549 diebus
770 2526 826 2558 iiij,
852 2526 976 2556 undique

86 2565 211 2590 “damna
230 2567 351 2591 maxima
372 2567 538 2593 inferentes:
560 2567 670 2592 demum
686 2570 823 2591 venerunt
844 2569 872 2590 in
887 2567 975 2598 burgo

85 2605 238 2632 “Albareti
257 2610 338 2633 extra
357 2610 446 2633 circas
466 2610 496 2633 in
516 2611 599 2633 terris
620 2609 736 2633 illorum
756 2609 789 2633 de
808 2608 976 2639 Rebuffat1s,

87 2648 156 2673 “die
181 2651 201 2683 ij
222 2650 287 2674 lulii
314 2653 398 2675 castri
425 2651 606 2683 Spilamberti
637 2651 742 2681 foveas,
768 2652 921 2683 palancata
947 2651 976 2674 et

85 2691 252 2716 “butifreda
280 2700 310 2717 ac
331 2693 407 2718 vales
428 2694 498 2718 alias
528 2693 652 2725 undique
680 2694 885 2717 construentes.
921 2692 975 2716 Die

85 2733 97 2745 ‘¹
111 2734 175 2758 lune
195 2742 213 2758 ἵ
233 2735 298 2759 iulii
319 2736 461 2760 Mattheus
482 2738 509 2760 et
529 2736 703 2759 Bianchinus
729 2735 760 2759 de
787 2734 919 2759 Gorzano
948 2742 975 2757 se

86 2775 308 2808 “seperaverunt
327 2778 360 2801 de
379 2778 492 2802 Mutina
511 2780 538 2802 et
558 2779 671 2802 iverunt
691 2778 724 2802 ad
744 2779 865 2802 castrum
887 2776 927 2801 Ca
935 2784 975 2799 m-

86 2818 97 2829 ‘·
109 2817 276 2850 pigagfiani,
289 2818 363 2850 quod
376 2821 498 2843 castrum
511 2819 707 2842 revelaverunt
721 2817 845 2842 Comuni
862 2817 975 2841 Mutine

86 2859 137 2883 “et
157 2866 184 2883 se
211 2861 238 2883 et
264 2859 371 2884 dictum
399 2863 519 2885 castrum
545 2861 723 2885 tradiderunt
748 2860 912 2884 Marchioni
941 2859 974 2882 de

87 2901 99 2914 “
109 2900 245 2925 Ferraria.
282 2901 386 2926 Eodem
411 2903 456 2926 die
477 2903 521 2926 illi
549 2903 582 2927 de
601 2903 707 2927 Saxolo
735 2903 974 2935 recuperaverunt

86 2942 228 2966 “castrum
251 2943 367 2973 Marani,
387 2945 460 2974 quod
481 2943 607 2968 Cuzinus
627 2947 654 2968 et
673 2945 794 2968 Bixinus
814 2945 847 2968 de
860 2945 974 2969 Licate-

84 2985 97 2998 α
108 2985 158 3009 riis
168 2986 196 3008 et
208 2984 333 3009 Clericus
344 2986 377 3009 de
387 2985 514 3010 Castello
523 2994 584 3010 cum
596 2988 653 3010 suis
664 2986 828 3017 sequacibus
840 2994 887 3019 per
899 2987 969 3010 duos

214 3099 246 3123 T.
265 3099 325 3128 XV,
344 3107 369 3132 p.
390 3106 422 3123 Ν
443 3113 474 3118 -
494 3099 518 3123 8.

1037 887 1168 911 “menses
1188 889 1253 911 ante
1278 887 1469 919 proditionem
1494 889 1657 920 acceperant
1677 885 1846 911 Ghidinello
1870 886 1929 910 filio

1039 930 1206 961 “quondam
1235 929 1358 955 Ghidini
1387 930 1420 954 de
1446 929 1609 958 Licateriis;
1635 930 1683 961 qui
1710 929 1835 953 Cuzinus
1864 930 1928 962 post

1038 972 1050 985 “
1062 972 1256 1004 proditionem
1285 973 1450 1005 predictam,
1476 973 1579 1004 elapsis
1607 972 1706 1004 paucis
1737 972 1843 1001 diebus,
1873 971 1928 994 suit

1036 1013 1164 1045 “gladiis
1186 1014 1350 1038 interfectus
1371 1021 1418 1045 per
1439 1013 1603 1038 Bastardum
1624 1014 1658 1037 de
1671 1013 1794 1041 Occulis,
1814 1015 1841 1037 et
1855 1012 1929 1036 alios

1037 1056 1182 1080 “rusticos
1203 1057 1278 1080 dicte
1298 1059 1379 1085 terre,
1399 1057 1448 1088 qui
1468 1058 1567 1080 rustici
1588 1063 1684 1080 omnes
1704 1056 1736 1079 de
1756 1056 1834 1079 dicta
1853 1057 1927 1079 terra

1037 1098 1049 1110 ‘¹
1060 1105 1088 1122 se
1108 1100 1306 1130 seperaverunt
1325 1099 1474 1122 occasione
1495 1099 1583 1130 ipsius
1597 1098 1783 1131 proditionis,
1799 1097 1928 1121 nolentes

1037 1142 1048 1152 ¹*
1062 1142 1091 1163 in
1111 1139 1190 1164 dicto
1211 1142 1303 1164 castro
1324 1147 1429 1164 moram
1453 1141 1541 1164 faeere
1560 1148 1623 1165 cum
1644 1140 1748 1164 eisdem
1769 1139 1881 1164 Cuzino
1900 1141 1927 1162 et

1036 1183 1047 1194 ‘⁴
1061 1183 1163 1205 Bixino
1174 1185 1201 1206 et
1214 1183 1337 1206 Henrico
1351 1182 1384 1206 de
1394 1182 1554 1211 Licateriis‚
1568 1182 1625 1206 tale
1636 1182 1746 1206 facinus
1758 1180 1928 1205 abhorendo.

1037 1224 1047 1236 ‘⁴
1061 1222 1149 1251 Quem
1170 1224 1368 1248 Gliidinellum
1388 1225 1480 1248 dictus
1499 1224 1637 1248 Henricus
1656 1224 1754 1255 gladio
1775 1224 1928 1247 interemit.

1036 1266 1047 1278 ‘¹
1060 1266 1114 1290 Die
1133 1266 1230 1290 martis
1251 1274 1307 1290 xxv
1330 1267 1394 1290 iulii
1416 1267 1583 1290 festivitatis
1602 1266 1693 1290 sancti
1712 1265 1807 1289 Iacobi
1829 1265 1926 1289 Domi-

1035 1307 1109 1332 “nus
1130 1308 1294 1332 Manfrcdus
1314 1309 1347 1332 de
1366 1308 1426 1332 Piis
1447 1309 1572 1332 comburi
1594 1308 1661 1332 fecit
1676 1308 1799 1331 Bastiam
1814 1309 1927 1339 opposi-

1034 1349 1046 1361 “
1060 1351 1118 1373 tam
1136 1352 1230 1374 castro
1244 1349 1436 1381 Spilamberti,
1450 1357 1533 1381 quam
1554 1350 1594 1373 ibi
1608 1350 1749 1373 Dominus
1762 1349 1927 1373 Manfredus

1036 1391 1188 1415 “construi
1208 1392 1312 1417 fecerat
1334 1391 1369 1416 ad
1396 1392 1557 1416 faciendum
1576 1399 1704 1423 guerram
1730 1392 1808 1415 dicto
1834 1392 1926 1415 castro

1036 1434 1248 1465 “Spilamberti,
1269 1434 1344 1466 quod
1364 1435 1393 1458 in
1415 1435 1569 1459 rebellione
1588 1434 1703 1458 tenebat
1722 1433 1847 1458 Comuni
1867 1434 1926 1457 Mu-

1033 1476 1047 1488 “
1060 1476 1120 1500 tine
1140 1476 1275 1501 Nicolaus
1296 1477 1329 1500 de
1349 1476 1453 1505 Fredo;
1473 1478 1500 1500 et
1520 1477 1582 1508 ipsa
1602 1476 1646 1499 die
1661 1476 1749 1500 Zanes
1769 1476 1838 1499 olim
1852 1475 1926 1498 filius

1036 1518 1047 1530 ‘¹
1058 1518 1212 1542 Tedelendi
1226 1519 1260 1542 de
1273 1518 1441 1542 Tedelendis
1456 1519 1537 1542 iuxta
1550 1519 1657 1542 dictum
1671 1520 1793 1542 castrum
1805 1518 1925 1549 Spilam-

1036 1561 1047 1572 ‘¹
1059 1561 1132 1584 berti
1151 1561 1184 1584 ad
1205 1561 1344 1592 quandam
1366 1568 1462 1584 nucem
1483 1561 1583 1592 laqueo
1603 1567 1721 1592 apensus
1738 1560 1792 1584 suit
1805 1560 1838 1583 de
1853 1567 1926 1583 man-

1034 1603 1047 1616 “
1059 1602 1125 1626 dato
1138 1601 1209 1626 dicti
1223 1603 1342 1626 Domini
1357 1603 1464 1627 vicarii
1480 1603 1510 1626 in
1525 1602 1636 1626 ultione
1649 1603 1794 1626 cuiusdam
1809 1601 1924 1626 illorum

1034 1644 1090 1668 “de
1110 1644 1137 1668 la
1158 1644 1278 1669 Canova
1299 1645 1403 1668 vassali
1423 1645 1492 1669 dicti
1515 1645 1624 1668 domini
1644 1644 1795 1672 Mansredi‚
1821 1644 1868 1675 qui
1894 1644 1924 1667 in

1034 1685 1046 1697 “
1059 1687 1138 1710 dicto
1150 1689 1243 1711 castro
1258 1687 1440 1719 Spilamberti
1455 1686 1604 1710 tormentis
1616 1687 1715 1711 extitit
1730 1686 1924 1718 interemptus,

1035 1728 1046 1740 “
1060 1729 1108 1759 qui
1129 1729 1219 1753 Zanes
1238 1731 1298 1753 erat
1317 1730 1347 1752 in
1368 1729 1526 1753 carzeribus
1545 1727 1683 1753 Comunis
1702 1728 1813 1752 Mutine
1827 1730 1925 1751 vincu-

1033 1770 1045 1782 “
1059 1771 1141 1795 latus.
1171 1772 1273 1796 Eodem
1287 1772 1334 1796 die
1348 1772 1392 1796 illi
1407 1772 1440 1795 de
1455 1772 1538 1796 Frata
1551 1773 1705 1795 existentes
1718 1771 1753 1795 ad
1767 1770 1925 1795 custodiam

1035 1813 1144 1836 “castri
1166 1814 1280 1838 illorum
1301 1815 1334 1838 de
1353 1814 1497 1837 Buzalinis
1518 1814 1604 1846 positi
1626 1813 1656 1836 in
1676 1815 1750 1836 terra
1765 1812 1922 1836 villafran-

1035 1855 1107 1878 “che
1128 1856 1325 1880 revelaverunt
1344 1856 1449 1880 dictum
1470 1858 1592 1880 castrum
1618 1854 1742 1879 Comuni
1762 1854 1872 1878 Mutine
1897 1856 1924 1878 et

1035 1894 1048 1907 “
1059 1895 1238 1921 tradiderunt
1250 1896 1411 1920 Marchioni
1425 1897 1459 1921 de
1472 1896 1609 1920 Ferraria.
1647 1896 1701 1919 Die
1714 1897 1783 1928 xxvj
1799 1895 1863 1919 iulii
1879 1895 1925 1919 die

1034 1938 1046 1949 ‘⁴
1059 1938 1149 1961 sabati
1163 1938 1281 1962 Nobiles
1292 1939 1324 1962 de
1339 1939 1464 1963 Macreto
1478 1938 1675 1962 revelaverunt
1686 1938 1792 1962 dictum
1803 1939 1923 1961 castrum

1034 1980 1046 1990 “
1058 1979 1173 2003 Macreti
1197 1980 1322 2004 Comuni
1341 1981 1451 2005 Mutine
1471 1983 1498 2005 et
1517 1980 1641 2004 Vicariis
1654 1980 1806 2003 antedictis
1820 1986 1923 2012 suppo-

1033 2020 1155 2045 “nentes
1175 2029 1203 2046 se
1222 2023 1362 2047 Dominio
1376 2023 1447 2047 dicti
1467 2023 1651 2047 Marchionis.
1688 2022 1817 2046 Marchio
1837 2021 1923 2045 Nico-

1031 2062 1043 2075 “
1056 2061 1117 2086 laus
1136 2063 1273 2093 Estensis,
1293 2064 1337 2087 die
1352 2065 1512 2096 penultimo
1531 2064 1642 2095 augusti
1657 2071 1718 2087 cum
1731 2064 1857 2087 exercitu
1874 2069 1924 2086 suo

1033 2103 1046 2115 “
1057 2105 1085 2127 et
1104 2105 1271 2129 extrinsecis
1291 2108 1348 2130 tam
1369 2106 1454 2130 Gelfis
1468 2114 1549 2137 quam
1564 2106 1706 2130 Gibelinis
1721 2105 1776 2129 ivit
1790 2105 1819 2128 in
1835 2104 1925 2128 obses-

1033 2146 1117 2169 “sum
1142 2147 1177 2170 ad
1197 2150 1319 2172 castrum
1346 2148 1532 2179 Formiginis,
1558 2148 1752 2171 comburentes
1772 2148 1800 2170 in
1828 2154 1921 2170 eorum

1032 2187 1158 2212 “itinere
1178 2189 1276 2214 domos
1296 2190 1431 2214 villarum
1451 2190 1580 2219 Salicete,
1608 2189 1699 2221 sancti
1719 2188 1821 2217 Madri,
1841 2189 1923 2212 Baio-

1032 2228 1043 2240 “
1056 2231 1142 2258 uarie,
1163 2230 1326 2256 Casenalbis
1345 2234 1374 2255 et
1394 2231 1576 2264 Formiginis.
1597 2238 1648 2263 pro
1662 2232 1765 2255 maiori
1785 2232 1875 2263 parte:
1896 2232 1924 2253 et

1032 2269 1044 2281 ‘¹
1058 2272 1087 2294 in
1107 2272 1185 2296 dicta
1197 2275 1271 2297 terra
1291 2273 1466 2305 Formiginis
1486 2274 1678 2298 castrametati
1692 2274 1805 2297 fuerunt
1817 2279 1833 2296 a
1847 2272 1924 2296 dicta

1033 2312 1045 2324 ‘⁸'
1056 2312 1102 2336 die
1126 2315 1287 2345 penultimo
1314 2317 1424 2347 augusti
1450 2323 1537 2346 usque
1568 2316 1601 2339 ad
1627 2315 1764 2339 decimum
1792 2317 1922 2338 octavum

1032 2355 1130 2380 “diem
1151 2357 1253 2381 mensis
1275 2358 1435 2381 novembris
1454 2358 1650 2389 subsequentis
1670 2357 1783 2381 arbores
1803 2358 1829 2380 et
1849 2357 1921 2379 vites

1031 2399 1213 2423 “incidentes
1232 2401 1260 2422 et
1278 2399 1383 2424 ibidem
1404 2401 1527 2423 maxima
1547 2399 1650 2423 damna
1669 2399 1830 2423 inferendo.
1867 2398 1922 2422 Die

1032 2443 1187 2465 “mercurii
1207 2442 1233 2473 vj
1255 2441 1419 2474 septembris
1439 2441 1614 2465 Mutinenses
1637 2441 1786 2465 intrinseci
1809 2442 1922 2464 iverunt

1029 2484 1085 2507 “ad
1106 2484 1250 2507 bastiliam
1269 2484 1350 2515 burgi
1372 2483 1501 2507 Albareti
1523 2491 1584 2507 cum
1599 2483 1789 2515 manganellis
1804 2484 1831 2506 et
1845 2489 1921 2506 man-

1029 2525 1041 2538 “
1052 2528 1228 2557 ganaverunt
1248 2526 1278 2548 ln
1293 2525 1371 2549 dicta
1392 2525 1508 2549 hastilia
1524 2525 1672 2549 redeuntes
1686 2526 1762 2549 dicta
1776 2524 1821 2548 die
1835 2526 1863 2549 et
1876 2524 1922 2548 die

1031 2565 1107 2599 “xiij
1128 2567 1198 2591 dicti
1220 2567 1324 2591 mensis
1345 2568 1449 2591 iterato
1469 2567 1583 2591 iverunt
1601 2567 1637 2590 ad
1651 2567 1756 2591 dictam
1776 2566 1920 2590 bastulam

1031 2608 1044 2621 “
1054 2616 1117 2632 cum
1136 2609 1223 2633 dictis
1236 2609 1424 2640 manganellis
1436 2611 1463 2633 et
1478 2609 1542 2632 inde
1556 2609 1618 2641 ipsa
1632 2610 1677 2633 die
1691 2610 1834 2634 redierunt
1848 2608 1921 2632 nihil

1031 2650 1043 2662 ‘¹
1055 2653 1179 2683 operato.
1216 2651 1270 2674 Die
1300 2651 1374 2674 iovis
1404 2652 1450 2683 xvj
1478 2651 1638 2674 novembris
1664 2650 1709 2674 illi
1736 2650 1770 2674 de
1795 2650 1922 2675 Castello

1029 2693 1261 2717 “revellaverunt
1280 2692 1416 2725 predictis
1435 2693 1570 2716 Dominis
1590 2692 1715 2717 Vicariis
1742 2695 1770 2717 et
1796 2693 1918 2717 Comuni

1028 2734 1041 2747 ‘¹
1052 2734 1162 2758 Mutine
1174 2736 1297 2759 castrum
1317 2733 1438 2767 Spezani
1453 2736 1480 2758 et
1494 2735 1586 2767 ipsum
1601 2735 1779 2759 tradiderunt
1793 2735 1921 2767 predicto

1027 2778 1040 2791 “
1053 2776 1212 2800 Marchioni
1228 2777 1261 2800 de
1275 2776 1410 2801 Ferraria.
1442 2777 1498 2801 Die
1512 2777 1583 2810 xviij
1596 2777 1758 2801 novembris
1770 2777 1815 2800 die
1829 2777 1920 2800 sabati

1027 2818 1188 2842 “Nieolaus
1206 2819 1334 2842 Marchio
1354 2818 1480 2843 Estensis
1501 2827 1563 2843 cum
1583 2820 1718 2843 universo
1747 2820 1873 2843 exercitu
1893 2825 1921 2842 se

1027 2902 1110 2926 “bris
1129 2903 1174 2926 die
1188 2903 1254 2926 lune
1273 2909 1345 2935 pons
1365 2902 1398 2926 de
1417 2902 1507 2927 Fredo
1527 2903 1658 2935 inceptus
1679 2903 1735 2927 fuit
1756 2902 1919 2926 remtorzari

1028 2944 1039 2957 “
1055 2951 1102 2976 per
1122 2945 1214 2970 dictos
1232 2944 1364 2969 Vicarios
1383 2947 1411 2969 et
1431 2944 1559 2970 Comune
1579 2945 1691 2969 Mutine
1705 2964 1728 2975 „.

2006 485 2025 498 c.
2041 485 2066 502 55
2075 480 2086 497 Α

1956 1435 1989 1460 70

1954 1647 1985 1672 75

1953 1850 1987 1874 80

1950 2282 1984 2307 90

1950 2490 1981 2515 95

1954 2697 2002 2714 100

1952 2907 1999 2932 ¹05
