<?xml version="1.0" encoding="UTF-8"?>
<!DOCTYPE html PUBLIC "-//W3C//DTD XHTML 1.0 Transitional//EN"
    "http://www.w3.org/TR/xhtml1/DTD/xhtml1-transitional.dtd">
<html xmlns="http://www.w3.org/1999/xhtml" xml:lang="en" lang="en">
 <head>
  <title>
</title>
<meta http-equiv="Content-Type" content="text/html;charset=utf-8" />
  <meta name='ocr-system' content='tesseract 3.04.00' />
  <meta name='ocr-capabilities' content='ocr_page ocr_carea ocr_par ocr_line ocrx_word'/>
</head>
<body>
  <div class='ocr_page' id='page_1' title='image "./p4f2rerumitalica15murauoft_0109.png"; bbox 0 0 2370 3603; ppageno 0'>
   <div class='ocr_carea' id='block_1_1' title="bbox 65 556 82 587">
    <p class='ocr_par' dir='ltr' id='par_1_1' title="bbox 65 556 82 587">
     <span class='ocr_line' id='line_1_1' title="bbox 65 556 82 587; textangle 90"><span class='ocrx_word' id='word_1_1' title='bbox 65 556 82 587; x_wconf 63' lang='lat'>01</span> 
     </span>
    </p>
   </div>
   <div class='ocr_carea' id='block_1_2' title="bbox 47 820 83 850">
    <p class='ocr_par' dir='ltr' id='par_1_2' title="bbox 47 820 83 850">
     <span class='ocr_line' id='line_1_2' title="bbox 47 820 83 850; baseline -0.028 0"><span class='ocrx_word' id='word_1_2' title='bbox 47 820 83 850; x_wconf 87' lang='lat'>10</span> 
     </span>
    </p>
   </div>
   <div class='ocr_carea' id='block_1_3' title="bbox 46 1083 82 1114">
    <p class='ocr_par' dir='ltr' id='par_1_3' title="bbox 46 1083 82 1114">
     <span class='ocr_line' id='line_1_3' title="bbox 46 1083 82 1114; baseline -0.028 0"><span class='ocrx_word' id='word_1_3' title='bbox 46 1083 82 1114; x_wconf 88' lang='lat'>15</span> 
     </span>
    </p>
   </div>
   <div class='ocr_carea' id='block_1_4' title="bbox 49 1779 79 1796">
    <p class='ocr_par' dir='ltr' id='par_1_4' title="bbox 49 1779 79 1796">
     <span class='ocr_line' id='line_1_4' title="bbox 49 1779 79 1796; baseline 0.033 -1"><span class='ocrx_word' id='word_1_4' title='bbox 49 1779 79 1796; x_wconf 88' lang='lat'>10</span> 
     </span>
    </p>
   </div>
   <div class='ocr_carea' id='block_1_5' title="bbox 46 2879 77 2906">
    <p class='ocr_par' dir='ltr' id='par_1_5' title="bbox 46 2879 77 2906">
     <span class='ocr_line' id='line_1_5' title="bbox 46 2879 77 2906; baseline -0.032 0"><span class='ocrx_word' id='word_1_5' title='bbox 46 2879 77 2906; x_wconf 76' lang='lat'>35</span> 
     </span>
    </p>
   </div>
   <div class='ocr_carea' id='block_1_6' title="bbox 106 217 1313 265">
    <p class='ocr_par' dir='ltr' id='par_1_6' title="bbox 106 217 1313 265">
     <span class='ocr_line' id='line_1_6' title="bbox 106 217 1313 265; baseline -0.005 -7"><span class='ocrx_word' id='word_1_6' title='bbox 106 231 158 265; x_wconf 82' lang='lat' dir='ltr'>[A.</span> <span class='ocrx_word' id='word_1_7' title='bbox 180 230 271 263; x_wconf 76' lang='lat'>1:330]</span> <span class='ocrx_word' id='word_1_8' title='bbox 716 219 970 256; x_wconf 89' lang='lat' dir='ltr'>IOHANNIS</span> <span class='ocrx_word' id='word_1_9' title='bbox 999 220 1068 255; x_wconf 94' lang='lat' dir='ltr'>DE</span> <span class='ocrx_word' id='word_1_10' title='bbox 1095 217 1313 253; x_wconf 89' lang='grc' dir='ltr'><strong>ΒΑΖΑΝΟ</strong></span> 
     </span>
    </p>
   </div>
   <div class='ocr_carea' id='block_1_7' title="bbox 109 290 1901 306">
    <p class='ocr_par' dir='ltr' id='par_1_7' title="bbox 109 290 1901 306">
     <span class='ocr_line' id='line_1_7' title="bbox 109 290 1901 306; baseline -0.006 -1"><span class='ocrx_word' id='word_1_11' title='bbox 109 290 1901 306; x_wconf 54' lang='grc'>.......................................................................................................................................................................................................</span> 
     </span>
    </p>
   </div>
   <div class='ocr_carea' id='block_1_8' title="bbox 107 337 1936 1280">
    <p class='ocr_par' dir='ltr' id='par_1_8' title="bbox 107 337 1935 650">
     <span class='ocr_line' id='line_1_8' title="bbox 109 337 1935 383; baseline -0.007 -4"><span class='ocrx_word' id='word_1_12' title='bbox 109 346 278 379; x_wconf 89' lang='lat' dir='ltr'>dictorum</span> <span class='ocrx_word' id='word_1_13' title='bbox 314 344 557 376; x_wconf 86' lang='lat' dir='ltr'>Mutinensium</span> <span class='ocrx_word' id='word_1_14' title='bbox 584 349 656 374; x_wconf 86' lang='lat' dir='ltr'>erat</span> <span class='ocrx_word' id='word_1_15' title='bbox 678 342 771 373; x_wconf 89' lang='lat' dir='ltr'>mille</span> <span class='ocrx_word' id='word_1_16' title='bbox 795 342 944 383; x_wconf 89' lang='lat' dir='ltr'>equitum</span> <span class='ocrx_word' id='word_1_17' title='bbox 976 341 1177 373; x_wconf 79' lang='lat' dir='ltr'>bellatorum</span> <span class='ocrx_word' id='word_1_18' title='bbox 1205 346 1237 371; x_wconf 84' lang='lat' dir='ltr'>et</span> <span class='ocrx_word' id='word_1_19' title='bbox 1268 339 1420 381; x_wconf 88' lang='lat' dir='ltr'>peditum</span> <span class='ocrx_word' id='word_1_20' title='bbox 1452 338 1595 370; x_wconf 88' lang='lat' dir='ltr'>duorum</span> <span class='ocrx_word' id='word_1_21' title='bbox 1624 337 1732 374; x_wconf 83' lang='lat' dir='ltr'>milia;</span> <span class='ocrx_word' id='word_1_22' title='bbox 1765 337 1935 369; x_wconf 79' lang='lat' dir='ltr'>exercitus</span> 
     </span>
     <span class='ocr_line' id='line_1_9' title="bbox 108 390 1931 437; baseline -0.004 -8"><span class='ocrx_word' id='word_1_23' title='bbox 108 408 190 429; x_wconf 91' lang='lat' dir='ltr'>vero</span> <span class='ocrx_word' id='word_1_24' title='bbox 207 397 472 429; x_wconf 86' lang='lat' dir='ltr'>Bononiensium</span> <span class='ocrx_word' id='word_1_25' title='bbox 489 402 561 428; x_wconf 90' lang='lat' dir='ltr'>erat</span> <span class='ocrx_word' id='word_1_26' title='bbox 578 395 668 426; x_wconf 86' lang='lat' dir='ltr'>mille</span> <span class='ocrx_word' id='word_1_27' title='bbox 684 395 942 437; x_wconf 87' lang='lat' dir='ltr'>quingentorum</span> <span class='ocrx_word' id='word_1_28' title='bbox 972 393 1115 425; x_wconf 90' lang='lat' dir='ltr'>militum</span> <span class='ocrx_word' id='word_1_29' title='bbox 1133 398 1165 424; x_wconf 89' lang='lat' dir='ltr'>et</span> <span class='ocrx_word' id='word_1_30' title='bbox 1182 392 1261 436; x_wconf 82' lang='lat' dir='ltr'>[xvj.</span> <span class='ocrx_word' id='word_1_31' title='bbox 1290 391 1430 431; x_wconf 89' lang='lat' dir='ltr'>milium]</span> <span class='ocrx_word' id='word_1_32' title='bbox 1447 391 1599 432; x_wconf 76' lang='lat' dir='ltr'>peditum</span> <span class='ocrx_word' id='word_1_33' title='bbox 1616 390 1670 421; x_wconf 84' lang='lat' dir='ltr'>vel</span> <span class='ocrx_word' id='word_1_34' title='bbox 1688 390 1790 422; x_wconf 91' lang='lat' dir='ltr'>circa.</span> <span class='ocrx_word' id='word_1_35' title='bbox 1831 390 1931 421; x_wconf 90' lang='lat' dir='ltr'>Dicto</span> 
     </span>
     <span class='ocr_line' id='line_1_10' title="bbox 109 443 1931 491; baseline -0.005 -9"><span class='ocrx_word' id='word_1_36' title='bbox 109 460 198 483; x_wconf 86' lang='lat' dir='ltr'>anno</span> <span class='ocrx_word' id='word_1_37' title='bbox 223 450 379 482; x_wconf 88' lang='lat' dir='ltr'>dominus</span> <span class='ocrx_word' id='word_1_38' title='bbox 405 450 554 491; x_wconf 86' lang='lat' dir='ltr'>Legatus</span> <span class='ocrx_word' id='word_1_39' title='bbox 571 448 656 479; x_wconf 83' lang='lat' dir='ltr'>fecit</span> <span class='ocrx_word' id='word_1_40' title='bbox 680 447 856 478; x_wconf 87' lang='lat' dir='ltr'>castellum</span> <span class='ocrx_word' id='word_1_41' title='bbox 873 457 968 478; x_wconf 89' lang='lat' dir='ltr'>suum</span> <span class='ocrx_word' id='word_1_42' title='bbox 984 447 1019 477; x_wconf 90' lang='lat' dir='ltr'>in</span> <span class='ocrx_word' id='word_1_43' title='bbox 1037 446 1174 478; x_wconf 88' lang='lat' dir='ltr'>civitate</span> <span class='ocrx_word' id='word_1_44' title='bbox 1190 444 1364 477; x_wconf 85' lang='lat' dir='ltr'>Bononiae</span> <span class='ocrx_word' id='word_1_45' title='bbox 1393 444 1427 475; x_wconf 90' lang='lat' dir='ltr'>in</span> <span class='ocrx_word' id='word_1_46' title='bbox 1453 453 1574 485; x_wconf 87' lang='lat' dir='ltr'>campo</span> <span class='ocrx_word' id='word_1_47' title='bbox 1591 443 1733 475; x_wconf 84' lang='lat' dir='ltr'>mercati</span> <span class='ocrx_word' id='word_1_48' title='bbox 1758 443 1931 475; x_wconf 90' lang='lat' dir='ltr'>nominato</span> 
     </span>
     <span class='ocr_line' id='line_1_11' title="bbox 108 494 1932 542; baseline -0.005 -7"><span class='ocrx_word' id='word_1_49' title='bbox 108 503 308 535; x_wconf 89' lang='lat' dir='ltr'>Molendina</span> <span class='ocrx_word' id='word_1_50' title='bbox 323 503 344 533; x_wconf 93' lang='lat'>¹.</span> <span class='ocrx_word' id='word_1_51' title='bbox 382 503 483 534; x_wconf 88' lang='lat' dir='ltr'>Dicto</span> <span class='ocrx_word' id='word_1_52' title='bbox 500 507 653 542; x_wconf 85' lang='lat' dir='ltr'>tempore</span> <span class='ocrx_word' id='word_1_53' title='bbox 669 500 839 532; x_wconf 79' lang='lat' dir='ltr'>exercitus</span> <span class='ocrx_word' id='word_1_54' title='bbox 855 499 976 542; x_wconf 84' lang='lat' dir='ltr'>Legati</span> <span class='ocrx_word' id='word_1_55' title='bbox 993 505 1026 530; x_wconf 90' lang='lat' dir='ltr'>et</span> <span class='ocrx_word' id='word_1_56' title='bbox 1044 499 1196 531; x_wconf 88' lang='lat' dir='ltr'>comunis</span> <span class='ocrx_word' id='word_1_57' title='bbox 1212 497 1389 529; x_wconf 87' lang='lat' dir='ltr'>Bononiae</span> <span class='ocrx_word' id='word_1_58' title='bbox 1407 497 1450 528; x_wconf 89' lang='lat' dir='ltr'>ad</span> <span class='ocrx_word' id='word_1_59' title='bbox 1467 496 1609 528; x_wconf 84' lang='lat' dir='ltr'>Pontem</span> <span class='ocrx_word' id='word_1_60' title='bbox 1629 495 1746 527; x_wconf 82' lang='lat' dir='ltr'><strong>Sancti</strong></span> <span class='ocrx_word' id='word_1_61' title='bbox 1763 494 1932 527; x_wconf 84' lang='lat' dir='ltr'>Ambrosii</span> 
     </span>
     <span class='ocr_line' id='line_1_12' title="bbox 107 547 1933 594; baseline -0.005 -7"><span class='ocrx_word' id='word_1_62' title='bbox 107 561 270 587; x_wconf 86' lang='lat' dir='ltr'>venerunt</span> <span class='ocrx_word' id='word_1_63' title='bbox 294 561 327 586; x_wconf 84' lang='lat' dir='ltr'>et</span> <span class='ocrx_word' id='word_1_64' title='bbox 350 556 548 586; x_wconf 81' lang='lat' dir='ltr'>refecerunt</span> <span class='ocrx_word' id='word_1_65' title='bbox 571 553 705 594; x_wconf 89' lang='lat' dir='ltr'>[ipsum]</span> <span class='ocrx_word' id='word_1_66' title='bbox 735 558 767 583; x_wconf 86' lang='lat' dir='ltr'>et</span> <span class='ocrx_word' id='word_1_67' title='bbox 798 552 846 583; x_wconf 89' lang='lat' dir='ltr'>ibi</span> <span class='ocrx_word' id='word_1_68' title='bbox 870 558 1105 583; x_wconf 85' lang='lat' dir='ltr'>remanserunt</span> <span class='ocrx_word' id='word_1_69' title='bbox 1128 551 1162 581; x_wconf 90' lang='lat' dir='ltr'>in</span> <span class='ocrx_word' id='word_1_70' title='bbox 1193 550 1393 592; x_wconf 87' lang='lat' dir='ltr'>episcopatu</span> <span class='ocrx_word' id='word_1_71' title='bbox 1422 548 1574 580; x_wconf 86' lang='lat' dir='ltr'>Mutinae</span> <span class='ocrx_word' id='word_1_72' title='bbox 1600 547 1852 589; x_wconf 87' lang='lat' dir='ltr'>dapni&#39;ficando</span> <span class='ocrx_word' id='word_1_73' title='bbox 1870 558 1933 589; x_wconf 90' lang='lat' dir='ltr'>per</span> 
     </span>
     <span class='ocr_line' id='line_1_13' title="bbox 108 607 465 650; baseline 0 -12"><span class='ocrx_word' id='word_1_74' title='bbox 108 608 166 650; x_wconf 78' lang='lat' dir='ltr'>iiij.</span> <span class='ocrx_word' id='word_1_75' title='bbox 191 608 264 639; x_wconf 85' lang='lat' dir='ltr'>dies</span> <span class='ocrx_word' id='word_1_76' title='bbox 287 613 321 639; x_wconf 87' lang='lat' dir='ltr'>et</span> <span class='ocrx_word' id='word_1_77' title='bbox 344 607 432 639; x_wconf 86' lang='lat' dir='ltr'>ultra</span> <span class='ocrx_word' id='word_1_78' title='bbox 445 607 465 638; x_wconf 73' lang='lat'>².</span> 
     </span>
    </p>

    <p class='ocr_par' dir='ltr' id='par_1_9' title="bbox 107 654 1936 1280">
     <span class='ocr_line' id='line_1_14' title="bbox 192 654 1933 700; baseline -0.004 -9"><span class='ocrx_word' id='word_1_79' title='bbox 192 661 361 692; x_wconf 81' lang='lat' dir='ltr'>Dominus</span> <span class='ocrx_word' id='word_1_80' title='bbox 385 659 650 700; x_wconf 82' lang='lat' dir='ltr'>[Bon]iohannes</span> <span class='ocrx_word' id='word_1_81' title='bbox 675 659 718 690; x_wconf 89' lang='lat' dir='ltr'>de</span> <span class='ocrx_word' id='word_1_82' title='bbox 741 658 908 689; x_wconf 81' lang='lat' dir='ltr'>ssaruchis</span> <span class='ocrx_word' id='word_1_83' title='bbox 924 658 967 689; x_wconf 91' lang='lat' dir='ltr'>de</span> <span class='ocrx_word' id='word_1_84' title='bbox 984 657 1122 688; x_wconf 82' lang='lat' dir='ltr'>Feraria</span> <span class='ocrx_word' id='word_1_85' title='bbox 1138 656 1241 688; x_wconf 83' lang='lat' dir='ltr'>iudex</span> <span class='ocrx_word' id='word_1_86' title='bbox 1263 666 1324 697; x_wconf 92' lang='lat' dir='ltr'>pro</span> <span class='ocrx_word' id='word_1_87' title='bbox 1349 655 1487 687; x_wconf 87' lang='lat' dir='ltr'>domino</span> <span class='ocrx_word' id='word_1_88' title='bbox 1511 654 1670 686; x_wconf 86' lang='lat' dir='ltr'>Guidone</span> <span class='ocrx_word' id='word_1_89' title='bbox 1694 660 1726 685; x_wconf 89' lang='lat' dir='ltr'>et</span> <span class='ocrx_word' id='word_1_90' title='bbox 1749 654 1933 685; x_wconf 80' lang='lat' dir='ltr'>Manfredo</span> 
     </span>
     <span class='ocr_line' id='line_1_15' title="bbox 107 705 1935 754; baseline -0.004 -10"><span class='ocrx_word' id='word_1_91' title='bbox 107 714 148 744; x_wconf 92' lang='lat' dir='ltr'>de</span> <span class='ocrx_word' id='word_1_92' title='bbox 161 713 230 745; x_wconf 87' lang='lat' dir='ltr'>Piis</span> <span class='ocrx_word' id='word_1_93' title='bbox 247 713 396 745; x_wconf 88' lang='lat' dir='ltr'>Vicariis</span> <span class='ocrx_word' id='word_1_94' title='bbox 412 712 628 754; x_wconf 85' lang='lat' dir='ltr'>Imperatoris</span> <span class='ocrx_word' id='word_1_95' title='bbox 644 712 677 742; x_wconf 90' lang='lat' dir='ltr'>in</span> <span class='ocrx_word' id='word_1_96' title='bbox 694 711 828 742; x_wconf 88' lang='lat' dir='ltr'>Mutina</span> <span class='ocrx_word' id='word_1_97' title='bbox 845 711 878 741; x_wconf 89' lang='lat' dir='ltr'>in</span> <span class='ocrx_word' id='word_1_98' title='bbox 896 709 1076 741; x_wconf 80' lang='lat' dir='ltr'>M.cccxxx</span> <span class='ocrx_word' id='word_1_99' title='bbox 1093 709 1128 740; x_wconf 89' lang='lat' dir='ltr'>in</span> <span class='ocrx_word' id='word_1_100' title='bbox 1144 708 1270 740; x_wconf 87' lang='lat' dir='ltr'>ultimis</span> <span class='ocrx_word' id='word_1_101' title='bbox 1285 719 1343 739; x_wconf 80' lang='lat' dir='ltr'>sex</span> <span class='ocrx_word' id='word_1_102' title='bbox 1360 706 1544 744; x_wconf 84' lang='lat' dir='ltr'>mensibus3</span> <span class='ocrx_word' id='word_1_103' title='bbox 1562 717 1626 738; x_wconf 86' lang='lat' dir='ltr'>nec</span> <span class='ocrx_word' id='word_1_104' title='bbox 1642 713 1714 737; x_wconf 88' lang='lat' dir='ltr'>erat</span> <span class='ocrx_word' id='word_1_105' title='bbox 1729 706 1815 738; x_wconf 86' lang='lat' dir='ltr'>alius</span> <span class='ocrx_word' id='word_1_106' title='bbox 1832 705 1935 737; x_wconf 90' lang='lat' dir='ltr'>Pote-</span> 
     </span>
     <span class='ocr_line' id='line_1_16' title="bbox 107 759 1934 806; baseline -0.004 -9"><span class='ocrx_word' id='word_1_107' title='bbox 107 772 173 798; x_wconf 83' lang='lat' dir='ltr'><strong>stas</strong></span> <span class='ocrx_word' id='word_1_108' title='bbox 186 765 207 797; x_wconf 86' lang='lat'>³.</span> <span class='ocrx_word' id='word_1_109' title='bbox 237 766 335 797; x_wconf 88' lang='lat' dir='ltr'>Tunc</span> <span class='ocrx_word' id='word_1_110' title='bbox 351 765 500 806; x_wconf 86' lang='lat' dir='ltr'>reposita</span> <span class='ocrx_word' id='word_1_111' title='bbox 512 765 579 796; x_wconf 78' lang='lat' dir='ltr'>fuit</span> <span class='ocrx_word' id='word_1_112' title='bbox 591 765 625 795; x_wconf 87' lang='lat' dir='ltr'>in</span> <span class='ocrx_word' id='word_1_113' title='bbox 642 763 776 796; x_wconf 85' lang='lat' dir='ltr'>Mutina</span> <span class='ocrx_word' id='word_1_114' title='bbox 793 763 961 804; x_wconf 85' lang='lat' dir='ltr'>quaedam</span> <span class='ocrx_word' id='word_1_115' title='bbox 978 762 1124 794; x_wconf 88' lang='lat' dir='ltr'>collecta</span> <span class='ocrx_word' id='word_1_116' title='bbox 1140 761 1238 792; x_wconf 90' lang='lat' dir='ltr'>unius</span> <span class='ocrx_word' id='word_1_117' title='bbox 1255 761 1366 792; x_wconf 90' lang='lat' dir='ltr'>florini</span> <span class='ocrx_word' id='word_1_118' title='bbox 1383 770 1485 800; x_wconf 89' lang='lat' dir='ltr'>supra</span> <span class='ocrx_word' id='word_1_119' title='bbox 1501 759 1601 791; x_wconf 89' lang='lat' dir='ltr'>bona.</span> <span class='ocrx_word' id='word_1_120' title='bbox 1625 759 1688 790; x_wconf 88' lang='lat' dir='ltr'>Die</span> <span class='ocrx_word' id='word_1_121' title='bbox 1702 759 1802 790; x_wconf 89' lang='lat' dir='ltr'>lunae</span> <span class='ocrx_word' id='word_1_122' title='bbox 1815 759 1934 800; x_wconf 91' lang='lat' dir='ltr'>penul-</span> 
     </span>
     <span class='ocr_line' id='line_1_17' title="bbox 109 811 1935 858; baseline -0.004 -9"><span class='ocrx_word' id='word_1_123' title='bbox 109 819 189 850; x_wconf 88' lang='lat' dir='ltr'>timo</span> <span class='ocrx_word' id='word_1_124' title='bbox 219 818 291 849; x_wconf 90' lang='lat' dir='ltr'>iulii</span> <span class='ocrx_word' id='word_1_125' title='bbox 322 818 502 855; x_wconf 78' lang='lat' dir='ltr'>otlandus,</span> <span class='ocrx_word' id='word_1_126' title='bbox 528 817 585 858; x_wconf 87' lang='lat' dir='ltr'>qui</span> <span class='ocrx_word' id='word_1_127' title='bbox 612 823 684 848; x_wconf 87' lang='lat' dir='ltr'>erat</span> <span class='ocrx_word' id='word_1_128' title='bbox 716 817 825 848; x_wconf 81' lang='lat' dir='ltr'>factus</span> <span class='ocrx_word' id='word_1_129' title='bbox 851 815 1040 857; x_wconf 85' lang='lat' dir='ltr'>Episcopus</span> <span class='ocrx_word' id='word_1_130' title='bbox 1071 813 1223 845; x_wconf 87' lang='lat' dir='ltr'>Mutinae</span> <span class='ocrx_word' id='word_1_131' title='bbox 1246 824 1309 854; x_wconf 88' lang='lat' dir='ltr'>per</span> <span class='ocrx_word' id='word_1_132' title='bbox 1333 812 1514 845; x_wconf 89' lang='lat' dir='ltr'>Nicolaum</span> <span class='ocrx_word' id='word_1_133' title='bbox 1546 812 1675 853; x_wconf 87' lang='lat' dir='ltr'>Papam</span> <span class='ocrx_word' id='word_1_134' title='bbox 1700 811 1755 843; x_wconf 89' lang='lat' dir='ltr'>vel</span> <span class='ocrx_word' id='word_1_135' title='bbox 1777 822 1839 853; x_wconf 90' lang='lat' dir='ltr'>per</span> <span class='ocrx_word' id='word_1_136' title='bbox 1863 811 1935 842; x_wconf 91' lang='lat' dir='ltr'>eius</span> 
     </span>
     <span class='ocr_line' id='line_1_18' title="bbox 107 864 1933 914; baseline -0.005 -11"><span class='ocrx_word' id='word_1_137' title='bbox 107 872 284 914; x_wconf 83' lang='lat' dir='ltr'>Legatum,</span> <span class='ocrx_word' id='word_1_138' title='bbox 309 883 344 902; x_wconf 86' lang='lat' dir='ltr'>se</span> <span class='ocrx_word' id='word_1_139' title='bbox 368 871 536 912; x_wconf 83' lang='lat' dir='ltr'>separavit</span> <span class='ocrx_word' id='word_1_140' title='bbox 553 871 596 902; x_wconf 92' lang='lat' dir='ltr'>de</span> <span class='ocrx_word' id='word_1_141' title='bbox 622 869 755 902; x_wconf 84' lang='lat' dir='ltr'>Mutina</span> <span class='ocrx_word' id='word_1_142' title='bbox 773 869 931 910; x_wconf 81' lang='lat' dir='ltr'>expulsus</span> <span class='ocrx_word' id='word_1_143' title='bbox 947 869 991 909; x_wconf 90' lang='lat' dir='ltr'>[a]</span> <span class='ocrx_word' id='word_1_144' title='bbox 1007 868 1154 899; x_wconf 88' lang='lat' dir='ltr'>Vicariis</span> <span class='ocrx_word' id='word_1_145' title='bbox 1170 866 1334 903; x_wconf 86' lang='lat' dir='ltr'>Mutinae,</span> <span class='ocrx_word' id='word_1_146' title='bbox 1351 866 1540 907; x_wconf 78' lang='lat' dir='ltr'>expoliatus</span> <span class='ocrx_word' id='word_1_147' title='bbox 1556 865 1703 906; x_wconf 90' lang='lat' dir='ltr'>pecunia</span> <span class='ocrx_word' id='word_1_148' title='bbox 1719 870 1753 895; x_wconf 87' lang='lat' dir='ltr'>et</span> <span class='ocrx_word' id='word_1_149' title='bbox 1769 864 1844 895; x_wconf 85' lang='lat' dir='ltr'>aliis</span> <span class='ocrx_word' id='word_1_150' title='bbox 1860 864 1933 906; x_wconf 88' lang='lat' dir='ltr'>qui-</span> 
     </span>
     <span class='ocr_line' id='line_1_19' title="bbox 109 918 1934 966; baseline -0.004 -10"><span class='ocrx_word' id='word_1_151' title='bbox 109 924 169 956; x_wconf 89' lang='lat' dir='ltr'>bus</span> <span class='ocrx_word' id='word_1_152' title='bbox 185 924 402 966; x_wconf 84' lang='lat' dir='ltr'>episcopatus</span> <span class='ocrx_word' id='word_1_153' title='bbox 420 922 573 954; x_wconf 86' lang='lat' dir='ltr'>Mutinae</span> <span class='ocrx_word' id='word_1_154' title='bbox 591 923 702 954; x_wconf 80' lang='lat' dir='ltr'>fuerat</span> <span class='ocrx_word' id='word_1_155' title='bbox 719 922 946 963; x_wconf 85' lang='lat' dir='ltr'>depraedatus</span> <span class='ocrx_word' id='word_1_156' title='bbox 958 920 979 952; x_wconf 87' lang='lat'>⁴.</span> <span class='ocrx_word' id='word_1_157' title='bbox 1004 921 1104 951; x_wconf 90' lang='lat' dir='ltr'>Dicto</span> <span class='ocrx_word' id='word_1_158' title='bbox 1121 926 1273 960; x_wconf 88' lang='lat' dir='ltr'>tempore</span> <span class='ocrx_word' id='word_1_159' title='bbox 1290 919 1445 951; x_wconf 84' lang='lat' dir='ltr'>homines</span> <span class='ocrx_word' id='word_1_160' title='bbox 1462 919 1504 950; x_wconf 92' lang='lat' dir='ltr'>de</span> <span class='ocrx_word' id='word_1_161' title='bbox 1522 918 1655 949; x_wconf 89' lang='lat' dir='ltr'>Mutina</span> <span class='ocrx_word' id='word_1_162' title='bbox 1677 918 1934 949; x_wconf 86' lang='lat' dir='ltr'>concitaverunt</span> 
     </span>
     <span class='ocr_line' id='line_1_20' title="bbox 108 969 1931 1018; baseline -0.005 -10"><span class='ocrx_word' id='word_1_163' title='bbox 108 987 225 1008; x_wconf 87' lang='lat' dir='ltr'>omnes</span> <span class='ocrx_word' id='word_1_164' title='bbox 248 987 310 1018; x_wconf 89' lang='lat' dir='ltr'>per</span> <span class='ocrx_word' id='word_1_165' title='bbox 341 981 513 1008; x_wconf 86' lang='lat' dir='ltr'>contratas</span> <span class='ocrx_word' id='word_1_166' title='bbox 537 975 685 1007; x_wconf 87' lang='lat' dir='ltr'>civitatis</span> <span class='ocrx_word' id='word_1_167' title='bbox 710 974 862 1006; x_wconf 85' lang='lat' dir='ltr'>Mutinae</span> <span class='ocrx_word' id='word_1_168' title='bbox 889 980 923 1005; x_wconf 91' lang='lat' dir='ltr'>et</span> <span class='ocrx_word' id='word_1_169' title='bbox 954 974 1063 1005; x_wconf 86' lang='lat' dir='ltr'>eciam</span> <span class='ocrx_word' id='word_1_170' title='bbox 1087 978 1158 1005; x_wconf 86' lang='lat' dir='ltr'>tota</span> <span class='ocrx_word' id='word_1_171' title='bbox 1180 972 1293 1014; x_wconf 83' lang='lat' dir='ltr'>platea</span> <span class='ocrx_word' id='word_1_172' title='bbox 1324 971 1474 1003; x_wconf 86' lang='lat' dir='ltr'>civitatis</span> <span class='ocrx_word' id='word_1_173' title='bbox 1497 971 1651 1002; x_wconf 85' lang='lat' dir='ltr'>Mutinae</span> <span class='ocrx_word' id='word_1_174' title='bbox 1675 970 1777 1011; x_wconf 89' lang='lat' dir='ltr'>plena</span> <span class='ocrx_word' id='word_1_175' title='bbox 1800 969 1865 1000; x_wconf 75' lang='lat' dir='ltr'>fuit</span> <span class='ocrx_word' id='word_1_176' title='bbox 1888 969 1931 999; x_wconf 91' lang='lat' dir='ltr'>de</span> 
     </span>
     <span class='ocr_line' id='line_1_21' title="bbox 108 1021 1935 1066; baseline -0.005 -6"><span class='ocrx_word' id='word_1_177' title='bbox 108 1029 214 1061; x_wconf 88' lang='lat' dir='ltr'>blavis</span> <span class='ocrx_word' id='word_1_178' title='bbox 230 1029 265 1060; x_wconf 88' lang='lat' dir='ltr'>in</span> <span class='ocrx_word' id='word_1_179' title='bbox 282 1029 391 1060; x_wconf 88' lang='lat' dir='ltr'>medis</span> <span class='ocrx_word' id='word_1_180' title='bbox 408 1034 441 1060; x_wconf 87' lang='lat' dir='ltr'>et</span> <span class='ocrx_word' id='word_1_181' title='bbox 458 1029 501 1060; x_wconf 89' lang='lat' dir='ltr'>de</span> <span class='ocrx_word' id='word_1_182' title='bbox 519 1028 585 1059; x_wconf 87' lang='lat' dir='ltr'>aris</span> <span class='ocrx_word' id='word_1_183' title='bbox 602 1028 646 1059; x_wconf 85' lang='lat' dir='ltr'>ad</span> <span class='ocrx_word' id='word_1_184' title='bbox 663 1027 887 1058; x_wconf 87' lang='lat' dir='ltr'>triturandum</span> <span class='ocrx_word' id='word_1_185' title='bbox 901 1025 922 1057; x_wconf 77' lang='lat'>5.</span> <span class='ocrx_word' id='word_1_186' title='bbox 969 1025 1070 1057; x_wconf 90' lang='lat' dir='ltr'>Dicto</span> <span class='ocrx_word' id='word_1_187' title='bbox 1088 1031 1239 1066; x_wconf 87' lang='lat' dir='ltr'>tempore</span> <span class='ocrx_word' id='word_1_188' title='bbox 1256 1024 1313 1055; x_wconf 89' lang='lat' dir='ltr'>die</span> <span class='ocrx_word' id='word_1_189' title='bbox 1330 1023 1437 1055; x_wconf 87' lang='lat' dir='ltr'>sabati</span> <span class='ocrx_word' id='word_1_190' title='bbox 1453 1028 1572 1065; x_wconf 89' lang='lat' dir='ltr'>quarto</span> <span class='ocrx_word' id='word_1_191' title='bbox 1590 1022 1724 1064; x_wconf 82' lang='lat' dir='ltr'>augusti</span> <span class='ocrx_word' id='word_1_192' title='bbox 1748 1021 1935 1053; x_wconf 87' lang='lat' dir='ltr'>Gulielmus</span> 
     </span>
     <span class='ocr_line' id='line_1_22' title="bbox 107 1074 1936 1122; baseline -0.005 -9"><span class='ocrx_word' id='word_1_193' title='bbox 107 1083 150 1114; x_wconf 90' lang='lat' dir='ltr'>de</span> <span class='ocrx_word' id='word_1_194' title='bbox 173 1081 357 1114; x_wconf 87' lang='lat' dir='ltr'>Adelardis</span> <span class='ocrx_word' id='word_1_195' title='bbox 380 1081 558 1112; x_wconf 87' lang='lat' dir='ltr'>revellavit</span> <span class='ocrx_word' id='word_1_196' title='bbox 575 1086 719 1112; x_wconf 87' lang='lat' dir='ltr'>castrum</span> <span class='ocrx_word' id='word_1_197' title='bbox 745 1078 949 1122; x_wconf 83' lang='lat' dir='ltr'>Formiginis</span> <span class='ocrx_word' id='word_1_198' title='bbox 965 1078 1102 1110; x_wconf 88' lang='lat' dir='ltr'>comuni</span> <span class='ocrx_word' id='word_1_199' title='bbox 1128 1076 1294 1114; x_wconf 84' lang='lat' dir='ltr'>Mutinae,</span> <span class='ocrx_word' id='word_1_200' title='bbox 1320 1075 1559 1118; x_wconf 89' lang='lat' dir='ltr'>componendo</span> <span class='ocrx_word' id='word_1_201' title='bbox 1584 1075 1632 1115; x_wconf 84' lang='lat' dir='ltr'>[se</span> <span class='ocrx_word' id='word_1_202' title='bbox 1648 1075 1738 1115; x_wconf 90' lang='lat' dir='ltr'>cum]</span> <span class='ocrx_word' id='word_1_203' title='bbox 1762 1074 1855 1105; x_wconf 90' lang='lat' dir='ltr'>dicto</span> <span class='ocrx_word' id='word_1_204' title='bbox 1871 1074 1936 1105; x_wconf 92' lang='lat' dir='ltr'>Le-</span> 
     </span>
     <span class='ocr_line' id='line_1_23' title="bbox 107 1126 1934 1177; baseline -0.005 -11"><span class='ocrx_word' id='word_1_205' title='bbox 107 1140 187 1177; x_wconf 85' lang='lat' dir='ltr'>gato</span> <span class='ocrx_word' id='word_1_206' title='bbox 209 1134 387 1166; x_wconf 87' lang='lat' dir='ltr'>Bononiae</span> <span class='ocrx_word' id='word_1_207' title='bbox 419 1133 558 1165; x_wconf 88' lang='lat' dir='ltr'>domino</span> <span class='ocrx_word' id='word_1_208' title='bbox 581 1143 644 1174; x_wconf 88' lang='lat' dir='ltr'>pro</span> <span class='ocrx_word' id='word_1_209' title='bbox 669 1131 827 1164; x_wconf 89' lang='lat' dir='ltr'>Ecclesia</span> <span class='ocrx_word' id='word_1_210' title='bbox 851 1137 884 1162; x_wconf 86' lang='lat' dir='ltr'>et</span> <span class='ocrx_word' id='word_1_211' title='bbox 907 1140 970 1172; x_wconf 89' lang='lat' dir='ltr'>pro</span> <span class='ocrx_word' id='word_1_212' title='bbox 993 1130 1059 1161; x_wconf 86' lang='lat' dir='ltr'>illis</span> <span class='ocrx_word' id='word_1_213' title='bbox 1083 1130 1124 1161; x_wconf 93' lang='lat' dir='ltr'>de</span> <span class='ocrx_word' id='word_1_214' title='bbox 1149 1129 1297 1166; x_wconf 89' lang='lat' dir='ltr'>Sassolo,</span> <span class='ocrx_word' id='word_1_215' title='bbox 1322 1134 1356 1160; x_wconf 87' lang='lat' dir='ltr'>et</span> <span class='ocrx_word' id='word_1_216' title='bbox 1378 1129 1488 1169; x_wconf 84' lang='lat' dir='ltr'>ipsum</span> <span class='ocrx_word' id='word_1_217' title='bbox 1514 1133 1659 1159; x_wconf 90' lang='lat' dir='ltr'>castrum</span> <span class='ocrx_word' id='word_1_218' title='bbox 1682 1126 1868 1168; x_wconf 88' lang='lat' dir='ltr'>praedictis</span> <span class='ocrx_word' id='word_1_219' title='bbox 1892 1127 1934 1157; x_wconf 89' lang='lat' dir='ltr'>de</span> 
     </span>
     <span class='ocr_line' id='line_1_24' title="bbox 107 1178 1934 1229; baseline -0.006 -9"><span class='ocrx_word' id='word_1_220' title='bbox 107 1187 242 1220; x_wconf 89' lang='lat' dir='ltr'>Sassolo</span> <span class='ocrx_word' id='word_1_221' title='bbox 267 1192 301 1218; x_wconf 88' lang='lat' dir='ltr'>et</span> <span class='ocrx_word' id='word_1_222' title='bbox 317 1186 473 1229; x_wconf 76' lang='lat' dir='ltr'>gentibus</span> <span class='ocrx_word' id='word_1_223' title='bbox 498 1185 673 1218; x_wconf 86' lang='lat' dir='ltr'>Ecclesiae</span> <span class='ocrx_word' id='word_1_224' title='bbox 697 1184 840 1216; x_wconf 83' lang='lat' dir='ltr'>tradidit</span> <span class='ocrx_word' id='word_1_225' title='bbox 853 1182 875 1215; x_wconf 78' lang='lat'>⁶.</span> <span class='ocrx_word' id='word_1_226' title='bbox 914 1184 1013 1214; x_wconf 87' lang='lat' dir='ltr'>Tunc</span> <span class='ocrx_word' id='word_1_227' title='bbox 1042 1182 1135 1214; x_wconf 90' lang='lat' dir='ltr'>dicto</span> <span class='ocrx_word' id='word_1_228' title='bbox 1163 1188 1317 1223; x_wconf 88' lang='lat' dir='ltr'>tempore</span> <span class='ocrx_word' id='word_1_229' title='bbox 1344 1180 1474 1212; x_wconf 80' lang='lat' dir='ltr'>refecta</span> <span class='ocrx_word' id='word_1_230' title='bbox 1496 1180 1561 1211; x_wconf 79' lang='lat' dir='ltr'>fuit</span> <span class='ocrx_word' id='word_1_231' title='bbox 1588 1179 1782 1211; x_wconf 88' lang='lat' dir='ltr'>Mirandula</span> <span class='ocrx_word' id='word_1_232' title='bbox 1807 1178 1934 1210; x_wconf 85' lang='lat' dir='ltr'>auxilio</span> 
     </span>
     <span class='ocr_line' id='line_1_25' title="bbox 109 1231 1935 1280; baseline -0.005 -8"><span class='ocrx_word' id='word_1_233' title='bbox 109 1240 239 1272; x_wconf 91' lang='lat' dir='ltr'>domini</span> <span class='ocrx_word' id='word_1_234' title='bbox 254 1239 363 1271; x_wconf 86' lang='lat' dir='ltr'>Luisii</span> <span class='ocrx_word' id='word_1_235' title='bbox 381 1240 423 1270; x_wconf 90' lang='lat' dir='ltr'>de</span> <span class='ocrx_word' id='word_1_236' title='bbox 441 1239 605 1280; x_wconf 71' lang='lat' dir='ltr'>Goncaga</span> <span class='ocrx_word' id='word_1_237' title='bbox 623 1237 753 1270; x_wconf 86' lang='lat' dir='ltr'>domini</span> <span class='ocrx_word' id='word_1_238' title='bbox 770 1236 917 1268; x_wconf 86' lang='lat' dir='ltr'>civitatis</span> <span class='ocrx_word' id='word_1_239' title='bbox 932 1235 1095 1267; x_wconf 85' lang='lat' dir='ltr'>Mantuae</span> <span class='ocrx_word' id='word_1_240' title='bbox 1108 1234 1129 1265; x_wconf 88' lang='lat'>⁷.</span> <span class='ocrx_word' id='word_1_241' title='bbox 1175 1234 1276 1265; x_wconf 86' lang='lat' dir='ltr'>Tunc</span> <span class='ocrx_word' id='word_1_242' title='bbox 1294 1233 1351 1265; x_wconf 81' lang='lat' dir='ltr'>die</span> <span class='ocrx_word' id='word_1_243' title='bbox 1367 1232 1501 1264; x_wconf 88' lang='lat' dir='ltr'>veneris</span> <span class='ocrx_word' id='word_1_244' title='bbox 1522 1233 1592 1275; x_wconf 82' lang='lat' dir='ltr'>xvij</span> <span class='ocrx_word' id='word_1_245' title='bbox 1619 1232 1752 1274; x_wconf 86' lang='lat' dir='ltr'>augusti</span> <span class='ocrx_word' id='word_1_246' title='bbox 1769 1231 1935 1263; x_wconf 83' lang='lat' dir='ltr'>exercitus</span> 
     </span>
    </p>
   </div>
   <div class='ocr_carea' id='block_1_9' title="bbox 108 1365 1937 1891">
    <p class='ocr_par' dir='ltr' id='par_1_10' title="bbox 108 1365 1937 1891">
     <span class='ocr_line' id='line_1_26' title="bbox 196 1365 1933 1406; baseline -0.007 -7"><span class='ocrx_word' id='word_1_247' title='bbox 196 1381 217 1399; x_wconf 86' lang='lat'>1.</span> <span class='ocrx_word' id='word_1_248' title='bbox 237 1374 363 1406; x_wconf 82' lang='lat' dir='ltr'>peditum</span> <span class='ocrx_word' id='word_1_249' title='bbox 389 1381 456 1397; x_wconf 73' lang='lat' dir='ltr'>corr.</span> <span class='ocrx_word' id='word_1_250' title='bbox 477 1373 568 1399; x_wconf 80' lang='lat' dir='ltr'>MUR.;</span> <span class='ocrx_word' id='word_1_251' title='bbox 593 1372 753 1404; x_wconf 80' lang='lat' dir='ltr'>peditorum</span> <span class='ocrx_word' id='word_1_252' title='bbox 780 1370 821 1400; x_wconf 73' lang='lat' dir='ltr'>A,</span> <span class='ocrx_word' id='word_1_253' title='bbox 849 1371 893 1395; x_wconf 86' lang='lat' dir='ltr'>Cr.</span> <span class='ocrx_word' id='word_1_254' title='bbox 913 1384 944 1387; x_wconf 80' lang='lat'>—</span> <span class='ocrx_word' id='word_1_255' title='bbox 966 1376 989 1393; x_wconf 81' lang='lat'>2.</span> <span class='ocrx_word' id='word_1_256' title='bbox 1009 1368 1235 1392; x_wconf 82' lang='lat' dir='ltr'>Bononiensibus</span> <span class='ocrx_word' id='word_1_257' title='bbox 1264 1369 1343 1391; x_wconf 81' lang='lat' dir='ltr'>erant</span> <span class='ocrx_word' id='word_1_258' title='bbox 1372 1367 1420 1395; x_wconf 84' lang='lat' dir='ltr'>A.;</span> <span class='ocrx_word' id='word_1_259' title='bbox 1450 1368 1478 1391; x_wconf 82' lang='lat' dir='ltr'>la</span> <span class='ocrx_word' id='word_1_260' title='bbox 1506 1373 1572 1390; x_wconf 84' lang='lat' dir='ltr'>corr.</span> <span class='ocrx_word' id='word_1_261' title='bbox 1593 1366 1606 1389; x_wconf 76' lang='grc' dir='ltr'><em>ὲ</em></span> <span class='ocrx_word' id='word_1_262' title='bbox 1625 1366 1655 1389; x_wconf 79' lang='lat' dir='ltr'>di</span> <span class='ocrx_word' id='word_1_263' title='bbox 1682 1365 1766 1392; x_wconf 79' lang='lat' dir='ltr'>MUR..</span> <span class='ocrx_word' id='word_1_264' title='bbox 1792 1366 1835 1389; x_wconf 84' lang='lat' dir='ltr'>Cr.</span> <span class='ocrx_word' id='word_1_265' title='bbox 1858 1378 1865 1381; x_wconf 99' lang='lat'>-</span> <span class='ocrx_word' id='word_1_266' title='bbox 1887 1366 1933 1396; x_wconf 79' lang='lat' dir='ltr'>xvj</span> 
     </span>
     <span class='ocr_line' id='line_1_27' title="bbox 111 1409 1937 1450; baseline -0.006 -8"><span class='ocrx_word' id='word_1_267' title='bbox 111 1418 220 1442; x_wconf 87' lang='lat' dir='ltr'>milium</span> <span class='ocrx_word' id='word_1_268' title='bbox 240 1427 307 1450; x_wconf 71' lang='lat' dir='ltr'>agg.</span> <span class='ocrx_word' id='word_1_269' title='bbox 330 1417 404 1442; x_wconf 63' lang='lat' dir='ltr'>Mun.</span> <span class='ocrx_word' id='word_1_270' title='bbox 425 1418 561 1441; x_wconf 57' lang='lat' dir='ltr'>d&#39;accoraelo</span> <span class='ocrx_word' id='word_1_271' title='bbox 581 1425 625 1440; x_wconf 77' lang='lat' dir='ltr'>can</span> <span class='ocrx_word' id='word_1_272' title='bbox 647 1417 686 1439; x_wconf 77' lang='lat' dir='ltr'>M.</span> <span class='ocrx_word' id='word_1_273' title='bbox 701 1429 732 1432; x_wconf 86' lang='lat'><strong>—</strong></span> <span class='ocrx_word' id='word_1_274' title='bbox 747 1423 772 1446; x_wconf 78' lang='lat'>4.</span> <span class='ocrx_word' id='word_1_275' title='bbox 784 1414 948 1438; x_wconf 83' lang='lat' dir='ltr'>Melondina</span> <span class='ocrx_word' id='word_1_276' title='bbox 968 1413 1011 1443; x_wconf 70' lang='lat' dir='ltr'>A,</span> <span class='ocrx_word' id='word_1_277' title='bbox 1031 1413 1116 1439; x_wconf 66' lang='lat' dir='ltr'>Mna..</span> <span class='ocrx_word' id='word_1_278' title='bbox 1132 1412 1192 1439; x_wconf 84' lang='lat' dir='ltr'>Cr.;</span> <span class='ocrx_word' id='word_1_279' title='bbox 1207 1411 1284 1436; x_wconf 76' lang='lat' dir='ltr'>credo</span> <span class='ocrx_word' id='word_1_280' title='bbox 1303 1412 1344 1435; x_wconf 81' lang='lat' dir='ltr'>sia</span> <span class='ocrx_word' id='word_1_281' title='bbox 1365 1414 1457 1435; x_wconf 78' lang='lat' dir='ltr'>errata</span> <span class='ocrx_word' id='word_1_282' title='bbox 1475 1410 1660 1440; x_wconf 58' lang='lat' dir='ltr'>rsproduzione</span> <span class='ocrx_word' id='word_1_283' title='bbox 1679 1409 1709 1433; x_wconf 82' lang='lat' dir='ltr'>di</span> <span class='ocrx_word' id='word_1_284' title='bbox 1727 1417 1777 1432; x_wconf 79' lang='lat' dir='ltr'>una</span> <span class='ocrx_word' id='word_1_285' title='bbox 1792 1409 1937 1438; x_wconf 76' lang='lat' dir='ltr'>primitiva</span> 
     </span>
     <span class='ocr_line' id='line_1_28' title="bbox 109 1453 1936 1493; baseline -0.006 -7"><span class='ocrx_word' id='word_1_286' title='bbox 109 1463 207 1487; x_wconf 67' lang='lat' dir='ltr'>lezione</span> <span class='ocrx_word' id='word_1_287' title='bbox 233 1462 413 1489; x_wconf 80' lang='lat' dir='ltr'>Molendina;</span> <span class='ocrx_word' id='word_1_288' title='bbox 435 1470 448 1485; x_wconf 78' lang='lat' dir='ltr'>e</span> <span class='ocrx_word' id='word_1_289' title='bbox 467 1461 563 1493; x_wconf 72' lang='lat' dir='ltr'>c&#39;nfatti</span> <span class='ocrx_word' id='word_1_290' title='bbox 581 1461 603 1484; x_wconf 79' lang='lat' dir='ltr'>il</span> <span class='ocrx_word' id='word_1_291' title='bbox 621 1462 699 1491; x_wconf 70' lang='lat' dir='ltr'>luogo</span> <span class='ocrx_word' id='word_1_292' title='bbox 725 1468 772 1483; x_wconf 70' lang='lat' dir='ltr'>ove</span> <span class='ocrx_word' id='word_1_293' title='bbox 794 1467 866 1483; x_wconf 74' lang='lat' dir='ltr'>sorsc</span> <span class='ocrx_word' id='word_1_294' title='bbox 894 1459 915 1482; x_wconf 86' lang='lat' dir='ltr'>il</span> <span class='ocrx_word' id='word_1_295' title='bbox 942 1458 1050 1482; x_wconf 70' lang='lat' dir='ltr'>castello</span> <span class='ocrx_word' id='word_1_296' title='bbox 1080 1458 1125 1480; x_wconf 79' lang='lat' dir='ltr'>del</span> <span class='ocrx_word' id='word_1_297' title='bbox 1142 1457 1248 1488; x_wconf 72' lang='lat' dir='ltr'>Legata</span> <span class='ocrx_word' id='word_1_298' title='bbox 1274 1457 1374 1488; x_wconf 78' lang='lat' dir='ltr'>confina</span> <span class='ocrx_word' id='word_1_299' title='bbox 1393 1456 1431 1479; x_wconf 81' lang='lat' dir='ltr'>ad</span> <span class='ocrx_word' id='word_1_300' title='bbox 1450 1455 1550 1479; x_wconf 76' lang='lat' dir='ltr'>oriente</span> <span class='ocrx_word' id='word_1_301' title='bbox 1569 1462 1613 1478; x_wconf 82' lang='lat' dir='ltr'>con</span> <span class='ocrx_word' id='word_1_302' title='bbox 1633 1455 1660 1477; x_wconf 87' lang='lat' dir='ltr'>la</span> <span class='ocrx_word' id='word_1_303' title='bbox 1680 1454 1726 1477; x_wconf 81' lang='lat' dir='ltr'>via</span> <span class='ocrx_word' id='word_1_304' title='bbox 1745 1454 1815 1476; x_wconf 72' lang='lat' dir='ltr'>delle</span> <span class='ocrx_word' id='word_1_305' title='bbox 1835 1453 1936 1476; x_wconf 69' lang='lat' dir='ltr'>Alolr&#39;ne</span> 
     </span>
     <span class='ocr_line' id='line_1_29' title="bbox 109 1497 1935 1539; baseline -0.007 -8"><span class='ocrx_word' id='word_1_306' title='bbox 109 1505 147 1539; x_wconf 76' lang='lat' dir='ltr'>(V.</span> <span class='ocrx_word' id='word_1_307' title='bbox 167 1507 234 1530; x_wconf 77' lang='lat' dir='ltr'>nota</span> <span class='ocrx_word' id='word_1_308' title='bbox 256 1505 280 1536; x_wconf 82' lang='lat'>1)</span> <span class='ocrx_word' id='word_1_309' title='bbox 301 1520 332 1523; x_wconf 90' lang='lat'>-—</span> <span class='ocrx_word' id='word_1_310' title='bbox 353 1512 376 1537; x_wconf 83' lang='lat'>5.</span> <span class='ocrx_word' id='word_1_311' title='bbox 395 1506 486 1538; x_wconf 84' lang='lat' dir='ltr'>ipsum</span> <span class='ocrx_word' id='word_1_312' title='bbox 501 1506 513 1528; x_wconf 80' lang='grc' dir='ltr'>ὲ</span> <span class='ocrx_word' id='word_1_313' title='bbox 527 1513 594 1536; x_wconf 52' lang='grc' dir='ltr'>(ις-έν,</span> <span class='ocrx_word' id='word_1_314' title='bbox 615 1505 740 1528; x_wconf 70' lang='lat' dir='ltr'>derivata</span> <span class='ocrx_word' id='word_1_315' title='bbox 759 1504 794 1527; x_wconf 81' lang='lat' dir='ltr'>da</span> <span class='ocrx_word' id='word_1_316' title='bbox 814 1504 853 1526; x_wconf 79' lang='lat' dir='ltr'>M.</span> <span class='ocrx_word' id='word_1_317' title='bbox 874 1516 905 1519; x_wconf 98' lang='lat'><strong>—</strong></span> <span class='ocrx_word' id='word_1_318' title='bbox 926 1501 950 1525; x_wconf 83' lang='lat'>6.</span> <span class='ocrx_word' id='word_1_319' title='bbox 970 1500 1028 1534; x_wconf 84' lang='lat' dir='ltr'>iiij]</span> <span class='ocrx_word' id='word_1_320' title='bbox 1050 1502 1114 1525; x_wconf 75' lang='lat' dir='ltr'>octo</span> <span class='ocrx_word' id='word_1_321' title='bbox 1134 1501 1224 1524; x_wconf 51' lang='grc' dir='ltr'>Μυκη</span> <span class='ocrx_word' id='word_1_322' title='bbox 1243 1500 1391 1524; x_wconf 66' lang='grc' dir='ltr'>εοννεσῐσησ</span> <span class='ocrx_word' id='word_1_323' title='bbox 1404 1499 1485 1531; x_wconf 73' lang='lat' dir='ltr'>forse</span> <span class='ocrx_word' id='word_1_324' title='bbox 1503 1501 1696 1522; x_wconf 74' lang='lat' dir='ltr'>erroneamente</span> <span class='ocrx_word' id='word_1_325' title='bbox 1716 1498 1825 1521; x_wconf 76' lang='lat' dir='ltr'>desunta</span> <span class='ocrx_word' id='word_1_326' title='bbox 1838 1497 1872 1520; x_wconf 78' lang='lat' dir='ltr'>da</span> <span class='ocrx_word' id='word_1_327' title='bbox 1886 1498 1935 1527; x_wconf 84' lang='lat' dir='ltr'>M.‚</span> 
     </span>
     <span class='ocr_line' id='line_1_30' title="bbox 112 1542 1934 1581; baseline -0.007 -6"><span class='ocrx_word' id='word_1_328' title='bbox 112 1551 178 1575; x_wconf 80' lang='lat' dir='ltr'>dove</span> <span class='ocrx_word' id='word_1_329' title='bbox 197 1551 210 1574; x_wconf 78' lang='grc' dir='ltr'><em>ὲ</em></span> <span class='ocrx_word' id='word_1_330' title='bbox 230 1551 298 1574; x_wconf 81' lang='lat' dir='ltr'>detto</span> <span class='ocrx_word' id='word_1_331' title='bbox 312 1551 355 1573; x_wconf 78' lang='lat' dir='ltr'>che</span> <span class='ocrx_word' id='word_1_332' title='bbox 375 1550 386 1572; x_wconf 84' lang='grc' dir='ltr'>ι’</span> <span class='ocrx_word' id='word_1_333' title='bbox 405 1550 550 1581; x_wconf 68' lang='lat' dir='ltr'>Bolognesi</span> <span class='ocrx_word' id='word_1_334' title='bbox 568 1557 681 1572; x_wconf 60' lang='lat' dir='ltr'>*zvcnnern</span> <span class='ocrx_word' id='word_1_335' title='bbox 701 1549 731 1571; x_wconf 80' lang='lat' dir='ltr'>al</span> <span class='ocrx_word' id='word_1_336' title='bbox 742 1551 823 1578; x_wconf 70' lang='lat' dir='ltr'>paule</span> <span class='ocrx_word' id='word_1_337' title='bbox 843 1548 873 1570; x_wconf 83' lang='lat' dir='ltr'>di</span> <span class='ocrx_word' id='word_1_338' title='bbox 892 1545 1112 1576; x_wconf 71' lang='lat' dir='ltr'>Sant’Ambrogio</span> <span class='ocrx_word' id='word_1_339' title='bbox 1134 1545 1156 1568; x_wconf 80' lang='lat' dir='ltr'>il</span> <span class='ocrx_word' id='word_1_340' title='bbox 1173 1552 1189 1569; x_wconf 81' lang='grc' dir='ltr'><strong><em>Ῑ</em></strong></span> <span class='ocrx_word' id='word_1_341' title='bbox 1207 1544 1302 1575; x_wconf 72' lang='lat' dir='ltr'>luglio.</span> <span class='ocrx_word' id='word_1_342' title='bbox 1316 1547 1463 1574; x_wconf 76' lang='lat' dir='ltr'>passarana</span> <span class='ocrx_word' id='word_1_343' title='bbox 1477 1543 1499 1566; x_wconf 86' lang='lat' dir='ltr'>il</span> <span class='ocrx_word' id='word_1_344' title='bbox 1511 1544 1619 1566; x_wconf 78' lang='lat' dir='ltr'>Panaro</span> <span class='ocrx_word' id='word_1_345' title='bbox 1639 1543 1661 1566; x_wconf 89' lang='lat' dir='ltr'>z&#39;l</span> <span class='ocrx_word' id='word_1_346' title='bbox 1677 1548 1697 1571; x_wconf 80' lang='lat'>5</span> <span class='ocrx_word' id='word_1_347' title='bbox 1716 1550 1729 1565; x_wconf 82' lang='lat' dir='ltr'>e</span> <span class='ocrx_word' id='word_1_348' title='bbox 1748 1542 1875 1564; x_wconf 73' lang='lat' dir='ltr'>rimasero</span> <span class='ocrx_word' id='word_1_349' title='bbox 1895 1549 1934 1564; x_wconf 80' lang='lat' dir='ltr'>ac-</span> 
     </span>
     <span class='ocr_line' id='line_1_31' title="bbox 109 1584 1935 1626; baseline -0.007 -6"><span class='ocrx_word' id='word_1_350' title='bbox 109 1595 226 1625; x_wconf 76' lang='lat' dir='ltr'>campati</span> <span class='ocrx_word' id='word_1_351' title='bbox 243 1594 264 1618; x_wconf 81' lang='grc' dir='ltr'>ίὶ</span> <span class='ocrx_word' id='word_1_352' title='bbox 273 1595 332 1626; x_wconf 81' lang='lat' dir='ltr'>fino</span> <span class='ocrx_word' id='word_1_353' title='bbox 351 1594 424 1624; x_wconf 80' lang='lat' dir='ltr'>all&#39;S‚</span> <span class='ocrx_word' id='word_1_354' title='bbox 449 1595 493 1617; x_wconf 74' lang='lat' dir='ltr'>nel</span> <span class='ocrx_word' id='word_1_355' title='bbox 509 1595 573 1625; x_wconf 81' lang='lat' dir='ltr'>qual</span> <span class='ocrx_word' id='word_1_356' title='bbox 590 1594 616 1617; x_wconf 75' lang='grc' dir='ltr'>(ῐὶ</span> <span class='ocrx_word' id='word_1_357' title='bbox 638 1593 841 1616; x_wconf 73' lang='lat' dir='ltr'>retrocedetlero</span> <span class='ocrx_word' id='word_1_358' title='bbox 864 1592 920 1615; x_wconf 82' lang='lat' dir='ltr'>alla</span> <span class='ocrx_word' id='word_1_359' title='bbox 948 1591 1021 1614; x_wconf 80' lang='lat' dir='ltr'>I&#39;olta</span> <span class='ocrx_word' id='word_1_360' title='bbox 1052 1590 1162 1614; x_wconf 79' lang='lat' dir='ltr'>Salaria</span> <span class='ocrx_word' id='word_1_361' title='bbox 1183 1603 1214 1605; x_wconf 97' lang='lat'><strong>—</strong></span> <span class='ocrx_word' id='word_1_362' title='bbox 1235 1596 1259 1620; x_wconf 85' lang='lat'>7.</span> <span class='ocrx_word' id='word_1_363' title='bbox 1286 1588 1425 1612; x_wconf 85' lang='lat' dir='ltr'>lohannes</span> <span class='ocrx_word' id='word_1_364' title='bbox 1444 1588 1522 1611; x_wconf 73' lang='lat' dir='ltr'>anche</span> <span class='ocrx_word' id='word_1_365' title='bbox 1550 1586 1637 1613; x_wconf 67' lang='lat' dir='ltr'>Mun..</span> <span class='ocrx_word' id='word_1_366' title='bbox 1659 1586 1718 1611; x_wconf 81' lang='lat' dir='ltr'>Cr.;</span> <span class='ocrx_word' id='word_1_367' title='bbox 1739 1585 1798 1610; x_wconf 89' lang='lat' dir='ltr'>Bon</span> <span class='ocrx_word' id='word_1_368' title='bbox 1814 1584 1935 1608; x_wconf 76' lang='lat' dir='ltr'>Ioannes</span> 
     </span>
     <span class='ocr_line' id='line_1_32' title="bbox 109 1632 1935 1669; baseline -0.006 -6"><span class='ocrx_word' id='word_1_369' title='bbox 109 1639 142 1662; x_wconf 89' lang='lat' dir='ltr'>de</span> <span class='ocrx_word' id='word_1_370' title='bbox 152 1639 285 1663; x_wconf 82' lang='lat' dir='ltr'>Banichis</span> <span class='ocrx_word' id='word_1_371' title='bbox 298 1639 338 1662; x_wconf 88' lang='lat' dir='ltr'>M.</span> <span class='ocrx_word' id='word_1_372' title='bbox 359 1652 390 1655; x_wconf 82' lang='lat'>—</span> <span class='ocrx_word' id='word_1_373' title='bbox 411 1638 435 1662; x_wconf 81' lang='lat'>8.</span> <span class='ocrx_word' id='word_1_374' title='bbox 455 1638 569 1662; x_wconf 82' lang='lat' dir='ltr'>Vicario</span> <span class='ocrx_word' id='word_1_375' title='bbox 582 1638 614 1660; x_wconf 69' lang='lat' dir='ltr'>A.</span> <span class='ocrx_word' id='word_1_376' title='bbox 629 1650 658 1655; x_wconf 90' lang='lat'>—</span> <span class='ocrx_word' id='word_1_377' title='bbox 674 1645 699 1669; x_wconf 89' lang='lat'>9.</span> <span class='ocrx_word' id='word_1_378' title='bbox 713 1638 797 1660; x_wconf 89' lang='lat' dir='ltr'>unius</span> <span class='ocrx_word' id='word_1_379' title='bbox 812 1636 953 1660; x_wconf 81' lang='lat' dir='ltr'>florentini</span> <span class='ocrx_word' id='word_1_380' title='bbox 974 1642 999 1667; x_wconf 91' lang='lat' dir='ltr'>p.</span> <span class='ocrx_word' id='word_1_381' title='bbox 1014 1642 1067 1665; x_wconf 86' lang='lat' dir='ltr'>qua</span> <span class='ocrx_word' id='word_1_382' title='bbox 1079 1634 1153 1657; x_wconf 87' lang='lat' dir='ltr'>bona</span> <span class='ocrx_word' id='word_1_383' title='bbox 1173 1633 1218 1657; x_wconf 78' lang='lat' dir='ltr'>A.:</span> <span class='ocrx_word' id='word_1_384' title='bbox 1239 1634 1264 1656; x_wconf 80' lang='lat' dir='ltr'>le</span> <span class='ocrx_word' id='word_1_385' title='bbox 1283 1633 1372 1656; x_wconf 78' lang='lat' dir='ltr'>ultime</span> <span class='ocrx_word' id='word_1_386' title='bbox 1385 1635 1426 1656; x_wconf 82' lang='lat' dir='ltr'>tre</span> <span class='ocrx_word' id='word_1_387' title='bbox 1440 1632 1537 1661; x_wconf 81' lang='lat' dir='ltr'>parole</span> <span class='ocrx_word' id='word_1_388' title='bbox 1550 1632 1593 1654; x_wconf 72' lang='lat' dir='ltr'>clm</span> <span class='ocrx_word' id='word_1_389' title='bbox 1615 1639 1663 1653; x_wconf 86' lang='lat' dir='ltr'>non</span> <span class='ocrx_word' id='word_1_390' title='bbox 1682 1632 1766 1654; x_wconf 75' lang='lat' dir='ltr'>dunno</span> <span class='ocrx_word' id='word_1_391' title='bbox 1785 1637 1857 1653; x_wconf 80' lang='lat' dir='ltr'>senso</span> <span class='ocrx_word' id='word_1_392' title='bbox 1875 1636 1935 1652; x_wconf 82' lang='lat' dir='ltr'>sono</span> 
     </span>
     <span class='ocr_line' id='line_1_33' title="bbox 108 1672 1934 1711; baseline -0.006 -4"><span class='ocrx_word' id='word_1_393' title='bbox 108 1692 156 1707; x_wconf 81' lang='lat' dir='ltr'>om.</span> <span class='ocrx_word' id='word_1_394' title='bbox 176 1684 210 1707; x_wconf 86' lang='lat' dir='ltr'>da</span> <span class='ocrx_word' id='word_1_395' title='bbox 230 1683 307 1707; x_wconf 77' lang='lat' dir='ltr'>MUR.</span> <span class='ocrx_word' id='word_1_396' title='bbox 328 1692 341 1706; x_wconf 84' lang='lat' dir='ltr'>c</span> <span class='ocrx_word' id='word_1_397' title='bbox 356 1683 417 1707; x_wconf 84' lang='lat' dir='ltr'>Cr..·</span> <span class='ocrx_word' id='word_1_398' title='bbox 437 1684 464 1706; x_wconf 82' lang='lat' dir='ltr'>la</span> <span class='ocrx_word' id='word_1_399' title='bbox 479 1683 531 1706; x_wconf 80' lang='lat' dir='ltr'>mia</span> <span class='ocrx_word' id='word_1_400' title='bbox 546 1682 726 1705; x_wconf 66' lang='lat' dir='ltr'>cmevdazione</span> <span class='ocrx_word' id='word_1_401' title='bbox 746 1682 759 1703; x_wconf 72' lang='grc' dir='ltr'><em>ὸ</em></span> <span class='ocrx_word' id='word_1_402' title='bbox 774 1683 931 1711; x_wconf 67' lang='lat' dir='ltr'>puramente</span> <span class='ocrx_word' id='word_1_403' title='bbox 945 1678 1228 1711; x_wconf 76' lang='lat' dir='ltr'>congetturale:forse</span> <span class='ocrx_word' id='word_1_404' title='bbox 1242 1678 1320 1701; x_wconf 77' lang='lat' dir='ltr'>anche</span> <span class='ocrx_word' id='word_1_405' title='bbox 1334 1683 1385 1708; x_wconf 88' lang='lat' dir='ltr'>pro</span> <span class='ocrx_word' id='word_1_406' title='bbox 1399 1676 1493 1699; x_wconf 83' lang='lat' dir='ltr'>bona?</span> <span class='ocrx_word' id='word_1_407' title='bbox 1507 1688 1538 1692; x_wconf 87' lang='lat'><strong>—</strong></span> <span class='ocrx_word' id='word_1_408' title='bbox 1555 1681 1595 1698; x_wconf 83' lang='lat'>10.</span> <span class='ocrx_word' id='word_1_409' title='bbox 1610 1672 1687 1704; x_wconf 81' lang='lat' dir='ltr'>iulii]</span> <span class='ocrx_word' id='word_1_410' title='bbox 1703 1673 1778 1697; x_wconf 74' lang='lat' dir='ltr'>iunii</span> <span class='ocrx_word' id='word_1_411' title='bbox 1792 1673 1833 1701; x_wconf 57' lang='lat' dir='ltr'>A„</span> <span class='ocrx_word' id='word_1_412' title='bbox 1847 1673 1934 1701; x_wconf 45' lang='grc' dir='ltr'>Μυκη</span> 
     </span>
     <span class='ocr_line' id='line_1_34' title="bbox 111 1717 1932 1758; baseline -0.007 -6"><span class='ocrx_word' id='word_1_413' title='bbox 111 1729 169 1756; x_wconf 77' lang='lat' dir='ltr'>Cr.;</span> <span class='ocrx_word' id='word_1_414' title='bbox 191 1729 234 1752; x_wconf 87' lang='lat' dir='ltr'>nel</span> <span class='ocrx_word' id='word_1_415' title='bbox 245 1735 309 1758; x_wconf 81' lang='lat'>1330</span> <span class='ocrx_word' id='word_1_416' title='bbox 322 1728 353 1757; x_wconf 80' lang='lat' dir='ltr'>fu</span> <span class='ocrx_word' id='word_1_417' title='bbox 373 1726 460 1751; x_wconf 63' lang='lat' dir='ltr'>luned)</span> <span class='ocrx_word' id='word_1_418' title='bbox 479 1735 527 1750; x_wconf 82' lang='lat' dir='ltr'>uon</span> <span class='ocrx_word' id='word_1_419' title='bbox 547 1727 569 1750; x_wconf 82' lang='lat' dir='ltr'>il</span> <span class='ocrx_word' id='word_1_420' title='bbox 581 1726 726 1757; x_wconf 77' lang='lat' dir='ltr'>penultimo</span> <span class='ocrx_word' id='word_1_421' title='bbox 740 1725 837 1757; x_wconf 73' lang='lat' dir='ltr'>giorno</span> <span class='ocrx_word' id='word_1_422' title='bbox 851 1725 881 1749; x_wconf 80' lang='lat' dir='ltr'>di</span> <span class='ocrx_word' id='word_1_423' title='bbox 888 1725 1001 1756; x_wconf 69' lang='lat' dir='ltr'>giugno.</span> <span class='ocrx_word' id='word_1_424' title='bbox 1016 1732 1057 1747; x_wconf 84' lang='lat' dir='ltr'>ma</span> <span class='ocrx_word' id='word_1_425' title='bbox 1071 1723 1101 1747; x_wconf 81' lang='lat' dir='ltr'>di</span> <span class='ocrx_word' id='word_1_426' title='bbox 1112 1723 1196 1754; x_wconf 75' lang='lat' dir='ltr'>luglio</span> <span class='ocrx_word' id='word_1_427' title='bbox 1212 1735 1218 1739; x_wconf 93' lang='lat'>·</span> <span class='ocrx_word' id='word_1_428' title='bbox 1233 1721 1380 1745; x_wconf 86' lang='lat' dir='ltr'>Rolandus</span> <span class='ocrx_word' id='word_1_429' title='bbox 1403 1720 1490 1749; x_wconf 59' lang='lat' dir='ltr'>MUR„</span> <span class='ocrx_word' id='word_1_430' title='bbox 1506 1721 1550 1744; x_wconf 85' lang='lat' dir='ltr'>Cr.</span> <span class='ocrx_word' id='word_1_431' title='bbox 1565 1733 1597 1737; x_wconf 91' lang='lat'>—-</span> <span class='ocrx_word' id='word_1_432' title='bbox 1614 1726 1652 1743; x_wconf 82' lang='lat'>11.</span> <span class='ocrx_word' id='word_1_433' title='bbox 1666 1721 1693 1742; x_wconf 87' lang='lat' dir='ltr'>et</span> <span class='ocrx_word' id='word_1_434' title='bbox 1707 1718 1838 1750; x_wconf 81' lang='lat' dir='ltr'>expulsus</span> <span class='ocrx_word' id='word_1_435' title='bbox 1852 1717 1932 1740; x_wconf 84' lang='lat' dir='ltr'>Vica-</span> 
     </span>
     <span class='ocr_line' id='line_1_35' title="bbox 110 1761 1933 1803; baseline -0.007 -7"><span class='ocrx_word' id='word_1_436' title='bbox 110 1772 165 1796; x_wconf 82' lang='lat' dir='ltr'>rius</span> <span class='ocrx_word' id='word_1_437' title='bbox 179 1771 315 1800; x_wconf 81' lang='lat' dir='ltr'>Mutinae,</span> <span class='ocrx_word' id='word_1_438' title='bbox 334 1770 505 1803; x_wconf 80' lang='lat' dir='ltr'>expoliatus]</span> <span class='ocrx_word' id='word_1_439' title='bbox 518 1770 566 1800; x_wconf 79' lang='lat' dir='ltr'>A.;</span> <span class='ocrx_word' id='word_1_440' title='bbox 580 1770 657 1794; x_wconf 67' lang='lat' dir='ltr'>Mun.</span> <span class='ocrx_word' id='word_1_441' title='bbox 677 1770 785 1793; x_wconf 77' lang='lat' dir='ltr'>emenda</span> <span class='ocrx_word' id='word_1_442' title='bbox 804 1770 832 1793; x_wconf 78' lang='lat' dir='ltr'>ln</span> <span class='ocrx_word' id='word_1_443' title='bbox 850 1769 926 1797; x_wconf 64' lang='lat' dir='ltr'>fraso</span> <span class='ocrx_word' id='word_1_444' title='bbox 945 1766 1011 1792; x_wconf 73' lang='lat' dir='ltr'>cosi:</span> <span class='ocrx_word' id='word_1_445' title='bbox 1029 1770 1056 1791; x_wconf 87' lang='lat' dir='ltr'>et</span> <span class='ocrx_word' id='word_1_446' title='bbox 1073 1766 1205 1798; x_wconf 83' lang='lat' dir='ltr'>expulsus</span> <span class='ocrx_word' id='word_1_447' title='bbox 1227 1765 1279 1789; x_wconf 81' lang='lat' dir='ltr'>fuit</span> <span class='ocrx_word' id='word_1_448' title='bbox 1299 1772 1346 1796; x_wconf 86' lang='lat' dir='ltr'>per</span> <span class='ocrx_word' id='word_1_449' title='bbox 1365 1764 1503 1788; x_wconf 83' lang='lat' dir='ltr'>vicarium</span> <span class='ocrx_word' id='word_1_450' title='bbox 1517 1763 1643 1787; x_wconf 81' lang='lat' dir='ltr'>Mutinae</span> <span class='ocrx_word' id='word_1_451' title='bbox 1663 1764 1689 1786; x_wconf 88' lang='lat' dir='ltr'>et</span> <span class='ocrx_word' id='word_1_452' title='bbox 1708 1761 1847 1794; x_wconf 80' lang='lat' dir='ltr'>spoliatus</span> <span class='ocrx_word' id='word_1_453' title='bbox 1861 1769 1874 1783; x_wconf 78' lang='lat' dir='ltr'>e</span> <span class='ocrx_word' id='word_1_454' title='bbox 1889 1761 1933 1784; x_wconf 80' lang='lat' dir='ltr'>Cr.</span> 
     </span>
     <span class='ocr_line' id='line_1_36' title="bbox 110 1803 1935 1848; baseline -0.007 -8"><span class='ocrx_word' id='word_1_455' title='bbox 110 1818 136 1840; x_wconf 85' lang='lat' dir='ltr'>lo</span> <span class='ocrx_word' id='word_1_456' title='bbox 149 1824 236 1848; x_wconf 75' lang='lat' dir='ltr'>segue,</span> <span class='ocrx_word' id='word_1_457' title='bbox 258 1824 300 1839; x_wconf 80' lang='lat' dir='ltr'>ma</span> <span class='ocrx_word' id='word_1_458' title='bbox 319 1823 445 1839; x_wconf 78' lang='lat' dir='ltr'>conserva</span> <span class='ocrx_word' id='word_1_459' title='bbox 459 1815 619 1848; x_wconf 85' lang='lat' dir='ltr'>expoliatus</span> <span class='ocrx_word' id='word_1_460' title='bbox 638 1827 670 1831; x_wconf 78' lang='lat'><em>—</em></span> <span class='ocrx_word' id='word_1_461' title='bbox 692 1820 780 1838; x_wconf 84' lang='lat'>11-12.</span> <span class='ocrx_word' id='word_1_462' title='bbox 800 1811 912 1844; x_wconf 80' lang='lat' dir='ltr'>quibus]</span> <span class='ocrx_word' id='word_1_463' title='bbox 934 1819 1002 1843; x_wconf 87' lang='lat' dir='ltr'>quae</span> <span class='ocrx_word' id='word_1_464' title='bbox 1021 1811 1064 1840; x_wconf 65' lang='lat' dir='ltr'>A„</span> <span class='ocrx_word' id='word_1_465' title='bbox 1083 1811 1169 1839; x_wconf 71' lang='lat' dir='ltr'>Mun„</span> <span class='ocrx_word' id='word_1_466' title='bbox 1191 1811 1235 1835; x_wconf 77' lang='lat' dir='ltr'>Cr.</span> <span class='ocrx_word' id='word_1_467' title='bbox 1256 1822 1287 1826; x_wconf 84' lang='lat'>—-</span> <span class='ocrx_word' id='word_1_468' title='bbox 1310 1815 1349 1832; x_wconf 81' lang='lat'>12.</span> <span class='ocrx_word' id='word_1_469' title='bbox 1369 1809 1544 1841; x_wconf 86' lang='lat' dir='ltr'>episcopatui</span> <span class='ocrx_word' id='word_1_470' title='bbox 1559 1807 1647 1836; x_wconf 63' lang='lat' dir='ltr'>Mum,</span> <span class='ocrx_word' id='word_1_471' title='bbox 1663 1807 1707 1832; x_wconf 84' lang='lat' dir='ltr'>Cr.</span> <span class='ocrx_word' id='word_1_472' title='bbox 1728 1819 1737 1823; x_wconf 91' lang='lat'>-</span> <span class='ocrx_word' id='word_1_473' title='bbox 1757 1803 1858 1835; x_wconf 80' lang='lat' dir='ltr'>suerat]</span> <span class='ocrx_word' id='word_1_474' title='bbox 1885 1803 1935 1827; x_wconf 77' lang='lat' dir='ltr'>cosi</span> 
     </span>
     <span class='ocr_line' id='line_1_37' title="bbox 110 1848 1933 1891; baseline -0.008 -7"><span class='ocrx_word' id='word_1_475' title='bbox 110 1861 196 1888; x_wconf 66' lang='lat' dir='ltr'>Mun..</span> <span class='ocrx_word' id='word_1_476' title='bbox 212 1861 270 1888; x_wconf 85' lang='lat' dir='ltr'>Cr.;</span> <span class='ocrx_word' id='word_1_477' title='bbox 298 1859 412 1884; x_wconf 77' lang='lat' dir='ltr'>suerunt</span> <span class='ocrx_word' id='word_1_478' title='bbox 429 1859 461 1883; x_wconf 78' lang='lat' dir='ltr'>A.</span> <span class='ocrx_word' id='word_1_479' title='bbox 482 1873 513 1876; x_wconf 97' lang='lat'><strong>—</strong></span> <span class='ocrx_word' id='word_1_480' title='bbox 537 1866 576 1890; x_wconf 88' lang='lat'>13.</span> <span class='ocrx_word' id='word_1_481' title='bbox 595 1860 682 1882; x_wconf 87' lang='lat' dir='ltr'>eciam</span> <span class='ocrx_word' id='word_1_482' title='bbox 703 1866 750 1891; x_wconf 82' lang='lat' dir='ltr'>per</span> <span class='ocrx_word' id='word_1_483' title='bbox 761 1859 835 1882; x_wconf 81' lang='lat' dir='ltr'>totta</span> <span class='ocrx_word' id='word_1_484' title='bbox 856 1857 928 1881; x_wconf 79' lang='lat' dir='ltr'>latea</span> <span class='ocrx_word' id='word_1_485' title='bbox 954 1855 1002 1883; x_wconf 59' lang='lat' dir='ltr'>A:</span> <span class='ocrx_word' id='word_1_486' title='bbox 1022 1855 1107 1879; x_wconf 78' lang='lat' dir='ltr'>etiam</span> <span class='ocrx_word' id='word_1_487' title='bbox 1128 1854 1221 1886; x_wconf 80' lang='lat' dir='ltr'>platea</span> <span class='ocrx_word' id='word_1_488' title='bbox 1241 1853 1328 1881; x_wconf 61' lang='lat' dir='ltr'>MUR„</span> <span class='ocrx_word' id='word_1_489' title='bbox 1349 1854 1393 1878; x_wconf 80' lang='lat' dir='ltr'>Cr.</span> <span class='ocrx_word' id='word_1_490' title='bbox 1414 1865 1446 1869; x_wconf 95' lang='lat'><em>-</em></span> <span class='ocrx_word' id='word_1_491' title='bbox 1470 1859 1508 1882; x_wconf 80' lang='lat'>14.</span> <span class='ocrx_word' id='word_1_492' title='bbox 1528 1852 1557 1875; x_wconf 90' lang='lat' dir='ltr'>in</span> <span class='ocrx_word' id='word_1_493' title='bbox 1579 1850 1725 1874; x_wconf 87' lang='lat' dir='ltr'>medis....</span> <span class='ocrx_word' id='word_1_494' title='bbox 1744 1848 1933 1873; x_wconf 69' lang='lat' dir='ltr'>triturantium</span> 
     </span>
    </p>
   </div>
   <div class='ocr_carea' id='block_1_10' title="bbox 109 1902 1045 1935">
    <p class='ocr_par' dir='ltr' id='par_1_11' title="bbox 109 1902 1045 1935">
     <span class='ocr_line' id='line_1_38' title="bbox 109 1902 1045 1935; baseline -0.005 -7"><span class='ocrx_word' id='word_1_495' title='bbox 109 1913 157 1929; x_wconf 86' lang='lat' dir='ltr'>om.</span> <span class='ocrx_word' id='word_1_496' title='bbox 171 1905 248 1928; x_wconf 74' lang='lat' dir='ltr'>MUR.</span> <span class='ocrx_word' id='word_1_497' title='bbox 269 1918 300 1921; x_wconf 92' lang='lat'>—</span> <span class='ocrx_word' id='word_1_498' title='bbox 323 1909 362 1934; x_wconf 80' lang='lat'>15.</span> <span class='ocrx_word' id='word_1_499' title='bbox 382 1911 443 1928; x_wconf 80' lang='lat' dir='ltr'>cum</span> <span class='ocrx_word' id='word_1_500' title='bbox 463 1912 530 1935; x_wconf 71' lang='lat' dir='ltr'>agg.</span> <span class='ocrx_word' id='word_1_501' title='bbox 552 1903 638 1931; x_wconf 66' lang='lat' dir='ltr'>MUR„</span> <span class='ocrx_word' id='word_1_502' title='bbox 657 1903 735 1927; x_wconf 76' lang='lat' dir='ltr'>credo</span> <span class='ocrx_word' id='word_1_503' title='bbox 755 1902 900 1926; x_wconf 72' lang='lat' dir='ltr'>necessario</span> <span class='ocrx_word' id='word_1_504' title='bbox 920 1902 998 1924; x_wconf 75' lang='lat' dir='ltr'>anclzc</span> <span class='ocrx_word' id='word_1_505' title='bbox 1017 1907 1045 1923; x_wconf 85' lang='lat' dir='ltr'>se</span> 
     </span>
    </p>
   </div>
   <div class='ocr_carea' id='block_1_11' title="bbox 105 1991 995 2985">
    <p class='ocr_par' dir='ltr' id='par_1_12' title="bbox 106 1991 993 2233">
     <span class='ocr_line' id='line_1_39' title="bbox 107 1991 993 2023; baseline -0.005 -6"><span class='ocrx_word' id='word_1_506' title='bbox 107 1993 149 2017; x_wconf 88' lang='lat' dir='ltr'>sul</span> <span class='ocrx_word' id='word_1_507' title='bbox 170 1993 332 2023; x_wconf 85' lang='lat' dir='ltr'>Bolognese,</span> <span class='ocrx_word' id='word_1_508' title='bbox 355 2000 409 2016; x_wconf 90' lang='lat' dir='ltr'>non</span> <span class='ocrx_word' id='word_1_509' title='bbox 433 1992 539 2016; x_wconf 83' lang='lat' dir='ltr'>vollero</span> <span class='ocrx_word' id='word_1_510' title='bbox 567 1993 661 2015; x_wconf 80' lang='lat' dir='ltr'>venire</span> <span class='ocrx_word' id='word_1_511' title='bbox 681 1991 735 2015; x_wconf 87' lang='lat' dir='ltr'>alle</span> <span class='ocrx_word' id='word_1_512' title='bbox 761 1992 853 2014; x_wconf 85' lang='lat' dir='ltr'>mani:</span> <span class='ocrx_word' id='word_1_513' title='bbox 876 1993 886 2002; x_wconf 74' lang='lat'>*⁴</span> <span class='ocrx_word' id='word_1_514' title='bbox 901 1991 945 2013; x_wconf 88' lang='lat' dir='ltr'>sed</span> <span class='ocrx_word' id='word_1_515' title='bbox 966 1997 993 2013; x_wconf 84' lang='lat' dir='ltr'>sc</span> 
     </span>
     <span class='ocr_line' id='line_1_40' title="bbox 109 2031 992 2066; baseline -0.005 -7"><span class='ocrx_word' id='word_1_516' title='bbox 109 2035 281 2059; x_wconf 80' lang='lat' dir='ltr'>“noluerunt</span> <span class='ocrx_word' id='word_1_517' title='bbox 301 2035 378 2058; x_wconf 86' lang='lat' dir='ltr'>ambe</span> <span class='ocrx_word' id='word_1_518' title='bbox 399 2037 489 2066; x_wconf 87' lang='lat' dir='ltr'>partes</span> <span class='ocrx_word' id='word_1_519' title='bbox 505 2035 631 2057; x_wconf 75' lang='lat' dir='ltr'>invenire</span> <span class='ocrx_word' id='word_1_520' title='bbox 644 2052 655 2063; x_wconf 81' lang='lat'>„</span> <span class='ocrx_word' id='word_1_521' title='bbox 677 2034 714 2065; x_wconf 81' lang='lat' dir='ltr'>(v.</span> <span class='ocrx_word' id='word_1_522' title='bbox 729 2035 796 2056; x_wconf 89' lang='lat' dir='ltr'>nota</span> <span class='ocrx_word' id='word_1_523' title='bbox 810 2031 992 2064; x_wconf 83' lang='lat' dir='ltr'>precedente).</span> 
     </span>
     <span class='ocr_line' id='line_1_41' title="bbox 107 2073 993 2106; baseline -0.005 -6"><span class='ocrx_word' id='word_1_524' title='bbox 107 2077 203 2100; x_wconf 85' lang='lat' dir='ltr'>Anchc</span> <span class='ocrx_word' id='word_1_525' title='bbox 223 2075 256 2099; x_wconf 93' lang='lat' dir='ltr'>G.</span> <span class='ocrx_word' id='word_1_526' title='bbox 279 2076 399 2104; x_wconf 85' lang='lat' dir='ltr'>Villani,</span> <span class='ocrx_word' id='word_1_527' title='bbox 422 2077 474 2103; x_wconf 80' lang='lat' dir='ltr'>Cr..</span> <span class='ocrx_word' id='word_1_528' title='bbox 494 2075 527 2102; x_wconf 79' lang='lat' dir='ltr'>X.</span> <span class='ocrx_word' id='word_1_529' title='bbox 556 2081 612 2106; x_wconf 82' lang='lat'>154.</span> <span class='ocrx_word' id='word_1_530' title='bbox 639 2075 800 2099; x_wconf 84' lang='lat' dir='ltr'>attribuisce</span> <span class='ocrx_word' id='word_1_531' title='bbox 827 2073 993 2097; x_wconf 84' lang='lat' dir='ltr'>all’esercito</span> 
     </span>
     <span class='ocr_line' id='line_1_42' title="bbox 106 2113 993 2142; baseline -0.005 0"><span class='ocrx_word' id='word_1_532' title='bbox 106 2118 294 2142; x_wconf 85' lang='lat' dir='ltr'>ecclesiastico</span> <span class='ocrx_word' id='word_1_533' title='bbox 311 2117 330 2140; x_wconf 86' lang='lat' dir='ltr'>il</span> <span class='ocrx_word' id='word_1_534' title='bbox 345 2117 437 2141; x_wconf 84' lang='lat' dir='ltr'>rifiuto</span> <span class='ocrx_word' id='word_1_535' title='bbox 458 2118 485 2141; x_wconf 90' lang='lat' dir='ltr'>di</span> <span class='ocrx_word' id='word_1_536' title='bbox 500 2117 681 2140; x_wconf 79' lang='lat' dir='ltr'>combattere:</span> <span class='ocrx_word' id='word_1_537' title='bbox 706 2116 718 2128; x_wconf 79' lang='lat'>‘¹</span> <span class='ocrx_word' id='word_1_538' title='bbox 730 2116 793 2140; x_wconf 83' lang='lat' dir='ltr'>Non</span> <span class='ocrx_word' id='word_1_539' title='bbox 815 2113 897 2139; x_wconf 81' lang='lat' dir='ltr'>s’ardi</span> <span class='ocrx_word' id='word_1_540' title='bbox 912 2115 993 2138; x_wconf 75' lang='lat' dir='ltr'>l&#39;oste</span> 
     </span>
     <span class='ocr_line' id='line_1_43' title="bbox 112 2157 993 2188; baseline -0.005 -4"><span class='ocrx_word' id='word_1_541' title='bbox 112 2160 125 2173; x_wconf 78' lang='lat'><em>“</em></span> <span class='ocrx_word' id='word_1_542' title='bbox 136 2161 209 2184; x_wconf 86' lang='lat' dir='ltr'>della</span> <span class='ocrx_word' id='word_1_543' title='bbox 221 2160 322 2184; x_wconf 87' lang='lat' dir='ltr'>Chiesa</span> <span class='ocrx_word' id='word_1_544' title='bbox 337 2167 351 2183; x_wconf 89' lang='lat' dir='ltr'>a</span> <span class='ocrx_word' id='word_1_545' title='bbox 365 2160 542 2185; x_wconf 77' lang='lat' dir='ltr'>combattere,</span> <span class='ocrx_word' id='word_1_546' title='bbox 557 2159 612 2188; x_wconf 77' lang='lat' dir='ltr'>che,</span> <span class='ocrx_word' id='word_1_547' title='bbox 629 2159 743 2182; x_wconf 88' lang='lat' dir='ltr'>essendo</span> <span class='ocrx_word' id='word_1_548' title='bbox 755 2159 833 2181; x_wconf 84' lang='lat' dir='ltr'>tanta</span> <span class='ocrx_word' id='word_1_549' title='bbox 845 2157 993 2181; x_wconf 83' lang='lat' dir='ltr'>cavalleria</span> 
     </span>
     <span class='ocr_line' id='line_1_44' title="bbox 109 2199 893 2233; baseline -0.005 -7"><span class='ocrx_word' id='word_1_550' title='bbox 109 2199 183 2233; x_wconf 65' lang='lat' dir='ltr'>“piu</span> <span class='ocrx_word' id='word_1_551' title='bbox 203 2203 230 2226; x_wconf 79' lang='lat' dir='ltr'>di</span> <span class='ocrx_word' id='word_1_552' title='bbox 252 2202 313 2225; x_wconf 87' lang='lat' dir='ltr'>loro</span> <span class='ocrx_word' id='word_1_553' title='bbox 335 2202 444 2227; x_wconf 74' lang='lat' dir='ltr'>nemici,</span> <span class='ocrx_word' id='word_1_554' title='bbox 466 2202 495 2224; x_wconf 88' lang='lat' dir='ltr'>fu</span> <span class='ocrx_word' id='word_1_555' title='bbox 514 2202 610 2224; x_wconf 82' lang='lat' dir='ltr'>tenuta</span> <span class='ocrx_word' id='word_1_556' title='bbox 630 2201 734 2231; x_wconf 78' lang='lat' dir='ltr'>grande</span> <span class='ocrx_word' id='word_1_557' title='bbox 754 2200 893 2229; x_wconf 79' lang='lat' dir='ltr'>viltade„.</span> 
     </span>
    </p>

    <p class='ocr_par' dir='ltr' id='par_1_13' title="bbox 106 2240 994 2443">
     <span class='ocr_line' id='line_1_45' title="bbox 195 2240 993 2273; baseline -0.005 -6"><span class='ocrx_word' id='word_1_558' title='bbox 195 2242 202 2258; x_wconf 90' lang='lat'>¹</span> <span class='ocrx_word' id='word_1_559' title='bbox 224 2243 264 2267; x_wconf 85' lang='lat' dir='ltr'>Fu</span> <span class='ocrx_word' id='word_1_560' title='bbox 286 2244 305 2267; x_wconf 87' lang='lat' dir='ltr'>il</span> <span class='ocrx_word' id='word_1_561' title='bbox 327 2243 442 2267; x_wconf 84' lang='lat' dir='ltr'>castello</span> <span class='ocrx_word' id='word_1_562' title='bbox 469 2243 496 2266; x_wconf 91' lang='lat' dir='ltr'>di</span> <span class='ocrx_word' id='word_1_563' title='bbox 521 2244 602 2273; x_wconf 85' lang='lat' dir='ltr'>porta</span> <span class='ocrx_word' id='word_1_564' title='bbox 628 2240 762 2271; x_wconf 77' lang='lat' dir='ltr'>Galliera,</span> <span class='ocrx_word' id='word_1_565' title='bbox 788 2249 802 2264; x_wconf 84' lang='lat' dir='ltr'>a</span> <span class='ocrx_word' id='word_1_566' title='bbox 823 2242 930 2264; x_wconf 79' lang='lat' dir='ltr'>oriente</span> <span class='ocrx_word' id='word_1_567' title='bbox 949 2240 993 2264; x_wconf 87' lang='lat' dir='ltr'>del</span> 
     </span>
     <span class='ocr_line' id='line_1_46' title="bbox 106 2282 994 2317; baseline -0.005 -8"><span class='ocrx_word' id='word_1_568' title='bbox 106 2287 186 2317; x_wconf 85' lang='lat' dir='ltr'>quale</span> <span class='ocrx_word' id='word_1_569' title='bbox 206 2293 327 2311; x_wconf 74' lang='lat' dir='ltr'>correva.</span> <span class='ocrx_word' id='word_1_570' title='bbox 348 2292 424 2308; x_wconf 87' lang='lat' dir='ltr'>come</span> <span class='ocrx_word' id='word_1_571' title='bbox 451 2285 555 2311; x_wconf 77' lang='lat' dir='ltr'>adesso,</span> <span class='ocrx_word' id='word_1_572' title='bbox 585 2284 611 2307; x_wconf 84' lang='lat' dir='ltr'>la</span> <span class='ocrx_word' id='word_1_573' title='bbox 632 2284 677 2306; x_wconf 82' lang='lat' dir='ltr'>via</span> <span class='ocrx_word' id='word_1_574' title='bbox 702 2283 774 2306; x_wconf 83' lang='lat' dir='ltr'>delle</span> <span class='ocrx_word' id='word_1_575' title='bbox 802 2282 918 2312; x_wconf 80' lang='lat' dir='ltr'>Moline,</span> <span class='ocrx_word' id='word_1_576' title='bbox 946 2289 994 2305; x_wconf 87' lang='lat' dir='ltr'>ora</span> 
     </span>
     <span class='ocr_line' id='line_1_47' title="bbox 106 2325 992 2359; baseline -0.006 -7"><span class='ocrx_word' id='word_1_577' title='bbox 106 2329 182 2352; x_wconf 82' lang='lat' dir='ltr'>detta</span> <span class='ocrx_word' id='word_1_578' title='bbox 202 2328 279 2359; x_wconf 85' lang='lat' dir='ltr'>Capo</span> <span class='ocrx_word' id='word_1_579' title='bbox 299 2328 326 2351; x_wconf 89' lang='lat' dir='ltr'>di</span> <span class='ocrx_word' id='word_1_580' title='bbox 347 2327 438 2350; x_wconf 81' lang='lat' dir='ltr'>Lucca</span> <span class='ocrx_word' id='word_1_581' title='bbox 458 2327 504 2358; x_wconf 87' lang='lat' dir='ltr'>(cs.</span> <span class='ocrx_word' id='word_1_582' title='bbox 526 2327 554 2349; x_wconf 90' lang='lat' dir='ltr'>L.</span> <span class='ocrx_word' id='word_1_583' title='bbox 576 2326 699 2349; x_wconf 72' lang='lat' dir='ltr'>CIACOEO</span> <span class='ocrx_word' id='word_1_584' title='bbox 714 2327 742 2348; x_wconf 85' lang='lat' dir='ltr'>in</span> <span class='ocrx_word' id='word_1_585' title='bbox 762 2325 843 2349; x_wconf 85' lang='lat' dir='ltr'>Atti</span> <span class='ocrx_word' id='word_1_586' title='bbox 864 2332 878 2348; x_wconf 92' lang='lat' dir='ltr'>e</span> <span class='ocrx_word' id='word_1_587' title='bbox 898 2331 992 2347; x_wconf 89' lang='lat' dir='ltr'>mem.</span> 
     </span>
     <span class='ocr_line' id='line_1_48' title="bbox 107 2365 992 2400; baseline -0.006 -7"><span class='ocrx_word' id='word_1_588' title='bbox 107 2369 203 2393; x_wconf 88' lang='lat' dir='ltr'>della</span> <span class='ocrx_word' id='word_1_589' title='bbox 223 2368 259 2392; x_wconf 91' lang='lat' dir='ltr'>R.</span> <span class='ocrx_word' id='word_1_590' title='bbox 279 2369 367 2400; x_wconf 89' lang='lat' dir='ltr'>Dep.</span> <span class='ocrx_word' id='word_1_591' title='bbox 389 2369 423 2392; x_wconf 90' lang='lat' dir='ltr'>di</span> <span class='ocrx_word' id='word_1_592' title='bbox 443 2370 488 2391; x_wconf 87' lang='lat' dir='ltr'>st.</span> <span class='ocrx_word' id='word_1_593' title='bbox 510 2369 605 2399; x_wconf 78' lang='lat' dir='ltr'>patr.</span> <span class='ocrx_word' id='word_1_594' title='bbox 625 2374 685 2400; x_wconf 87' lang='lat' dir='ltr'>per</span> <span class='ocrx_word' id='word_1_595' title='bbox 705 2367 737 2390; x_wconf 87' lang='lat' dir='ltr'>le</span> <span class='ocrx_word' id='word_1_596' title='bbox 757 2373 852 2398; x_wconf 84' lang='lat' dir='ltr'>prov.</span> <span class='ocrx_word' id='word_1_597' title='bbox 871 2366 904 2389; x_wconf 90' lang='lat' dir='ltr'>di</span> <span class='ocrx_word' id='word_1_598' title='bbox 925 2365 992 2388; x_wconf 88' lang='lat' dir='ltr'>Ro-</span> 
     </span>
     <span class='ocr_line' id='line_1_49' title="bbox 106 2407 833 2443; baseline -0.006 -8"><span class='ocrx_word' id='word_1_599' title='bbox 106 2418 243 2443; x_wconf 80' lang='lat' dir='ltr'>magna.</span> <span class='ocrx_word' id='word_1_600' title='bbox 264 2409 295 2442; x_wconf 76' lang='lat'>3³</span> <span class='ocrx_word' id='word_1_601' title='bbox 318 2412 396 2440; x_wconf 81' lang='lat' dir='ltr'>serie,</span> <span class='ocrx_word' id='word_1_602' title='bbox 417 2410 471 2433; x_wconf 88' lang='lat' dir='ltr'>vol.</span> <span class='ocrx_word' id='word_1_603' title='bbox 492 2409 591 2435; x_wconf 89' lang='lat' dir='ltr'>XXIII.</span> <span class='ocrx_word' id='word_1_604' title='bbox 612 2416 657 2440; x_wconf 85' lang='lat' dir='ltr'>pp.</span> <span class='ocrx_word' id='word_1_605' title='bbox 677 2407 709 2438; x_wconf 77' lang='grc'>85</span> <span class='ocrx_word' id='word_1_606' title='bbox 729 2416 744 2431; x_wconf 86' lang='lat' dir='ltr'>e</span> <span class='ocrx_word' id='word_1_607' title='bbox 763 2407 833 2438; x_wconf 80' lang='lat'>456).</span> 
     </span>
    </p>

    <p class='ocr_par' dir='ltr' id='par_1_14' title="bbox 106 2448 994 2567">
     <span class='ocr_line' id='line_1_50' title="bbox 193 2448 993 2481; baseline -0.006 -5"><span class='ocrx_word' id='word_1_608' title='bbox 193 2450 204 2467; x_wconf 77' lang='lat'><strong>²</strong></span> <span class='ocrx_word' id='word_1_609' title='bbox 219 2452 344 2476; x_wconf 84' lang='lat' dir='ltr'>Secondo</span> <span class='ocrx_word' id='word_1_610' title='bbox 360 2452 429 2475; x_wconf 76' lang='lat' dir='ltr'>altre</span> <span class='ocrx_word' id='word_1_611' title='bbox 446 2452 517 2474; x_wconf 82' lang='lat' dir='ltr'>fonti</span> <span class='ocrx_word' id='word_1_612' title='bbox 530 2450 575 2481; x_wconf 84' lang='lat' dir='ltr'>(cs.</span> <span class='ocrx_word' id='word_1_613' title='bbox 588 2449 743 2477; x_wconf 74' lang='lat' dir='ltr'>GH1RARD.‚</span> <span class='ocrx_word' id='word_1_614' title='bbox 761 2449 830 2472; x_wconf 78' lang='lat' dir='ltr'>Hist.</span> <span class='ocrx_word' id='word_1_615' title='bbox 843 2449 872 2472; x_wconf 83' lang='lat' dir='ltr'>di</span> <span class='ocrx_word' id='word_1_616' title='bbox 882 2449 949 2476; x_wconf 66' lang='lat' dir='ltr'>Bob,</span> <span class='ocrx_word' id='word_1_617' title='bbox 959 2448 993 2475; x_wconf 85' lang='grc' dir='ltr'>ΙΙ,</span> 
     </span>
     <span class='ocr_line' id='line_1_51' title="bbox 106 2490 994 2527; baseline -0.007 -9"><span class='ocrx_word' id='word_1_618' title='bbox 106 2493 160 2527; x_wconf 82' lang='grc'>96),</span> <span class='ocrx_word' id='word_1_619' title='bbox 181 2494 327 2525; x_wconf 80' lang='lat' dir='ltr'>l’impresa</span> <span class='ocrx_word' id='word_1_620' title='bbox 344 2494 387 2517; x_wconf 92' lang='lat' dir='ltr'>dei</span> <span class='ocrx_word' id='word_1_621' title='bbox 403 2493 554 2523; x_wconf 81' lang='lat' dir='ltr'>Bolognesi</span> <span class='ocrx_word' id='word_1_622' title='bbox 576 2492 602 2515; x_wconf 83' lang='lat' dir='ltr'>al</span> <span class='ocrx_word' id='word_1_623' title='bbox 616 2492 705 2514; x_wconf 85' lang='lat' dir='ltr'>Ponte</span> <span class='ocrx_word' id='word_1_624' title='bbox 719 2492 747 2514; x_wconf 89' lang='lat' dir='ltr'>di</span> <span class='ocrx_word' id='word_1_625' title='bbox 766 2490 994 2520; x_wconf 83' lang='lat' dir='ltr'>sant&#39;Ambrogio</span> 
     </span>
     <span class='ocr_line' id='line_1_52' title="bbox 107 2535 408 2567; baseline -0.003 -8"><span class='ocrx_word' id='word_1_626' title='bbox 107 2537 135 2560; x_wconf 85' lang='lat' dir='ltr'>fu</span> <span class='ocrx_word' id='word_1_627' title='bbox 158 2536 178 2559; x_wconf 90' lang='lat' dir='ltr'>il</span> <span class='ocrx_word' id='word_1_628' title='bbox 199 2537 289 2567; x_wconf 87' lang='lat' dir='ltr'>primo</span> <span class='ocrx_word' id='word_1_629' title='bbox 310 2535 408 2566; x_wconf 81' lang='lat' dir='ltr'>lugliO.</span> 
     </span>
    </p>

    <p class='ocr_par' dir='ltr' id='par_1_15' title="bbox 105 2573 995 2985">
     <span class='ocr_line' id='line_1_53' title="bbox 191 2573 993 2608; baseline -0.006 -7"><span class='ocrx_word' id='word_1_630' title='bbox 191 2575 202 2592; x_wconf 79' lang='lat'>3</span> <span class='ocrx_word' id='word_1_631' title='bbox 222 2578 254 2601; x_wconf 90' lang='lat' dir='ltr'>In</span> <span class='ocrx_word' id='word_1_632' title='bbox 275 2577 361 2608; x_wconf 87' lang='lat' dir='ltr'>luogo</span> <span class='ocrx_word' id='word_1_633' title='bbox 382 2578 410 2600; x_wconf 91' lang='lat' dir='ltr'>di</span> <span class='ocrx_word' id='word_1_634' title='bbox 431 2584 467 2600; x_wconf 90' lang='lat' dir='ltr'>un</span> <span class='ocrx_word' id='word_1_635' title='bbox 490 2584 554 2599; x_wconf 87' lang='lat' dir='ltr'>vero</span> <span class='ocrx_word' id='word_1_636' title='bbox 576 2573 691 2607; x_wconf 55' lang='lat' dir='ltr'>podest&amp;</span> <span class='ocrx_word' id='word_1_637' title='bbox 712 2582 744 2598; x_wconf 87' lang='lat' dir='ltr'>ne</span> <span class='ocrx_word' id='word_1_638' title='bbox 764 2575 821 2598; x_wconf 76' lang='lat' dir='ltr'>fece</span> <span class='ocrx_word' id='word_1_639' title='bbox 834 2574 860 2598; x_wconf 86' lang='lat' dir='ltr'>le</span> <span class='ocrx_word' id='word_1_640' title='bbox 876 2575 932 2597; x_wconf 59' lang='lat' dir='ltr'>veni</span> <span class='ocrx_word' id='word_1_641' title='bbox 949 2573 993 2597; x_wconf 85' lang='lat' dir='ltr'>dal</span> 
     </span>
     <span class='ocr_line' id='line_1_54' title="bbox 106 2616 993 2651; baseline -0.006 -8"><span class='ocrx_word' id='word_1_642' title='bbox 106 2619 197 2651; x_wconf 88' lang='lat' dir='ltr'>luglio</span> <span class='ocrx_word' id='word_1_643' title='bbox 222 2626 288 2651; x_wconf 84' lang='lat'>1330</span> <span class='ocrx_word' id='word_1_644' title='bbox 307 2619 332 2643; x_wconf 84' lang='lat' dir='ltr'>al</span> <span class='ocrx_word' id='word_1_645' title='bbox 353 2627 444 2642; x_wconf 91' lang='lat' dir='ltr'>marzo</span> <span class='ocrx_word' id='word_1_646' title='bbox 473 2625 535 2649; x_wconf 83' lang='lat'>1331</span> <span class='ocrx_word' id='word_1_647' title='bbox 566 2619 585 2641; x_wconf 93' lang='lat' dir='ltr'>il</span> <span class='ocrx_word' id='word_1_648' title='bbox 607 2618 717 2648; x_wconf 85' lang='lat' dir='ltr'>giudice</span> <span class='ocrx_word' id='word_1_649' title='bbox 740 2616 873 2640; x_wconf 85' lang='lat' dir='ltr'>Barucchi</span> <span class='ocrx_word' id='word_1_650' title='bbox 894 2616 993 2647; x_wconf 59' lang='lat' dir='ltr'>(Alerta,</span> 
     </span>
     <span class='ocr_line' id='line_1_55' title="bbox 107 2658 995 2694; baseline -0.006 -8"><span class='ocrx_word' id='word_1_651' title='bbox 107 2669 128 2686; x_wconf 84' lang='lat' dir='ltr'>a.</span> <span class='ocrx_word' id='word_1_652' title='bbox 147 2669 220 2693; x_wconf 83' lang='lat'>1330,</span> <span class='ocrx_word' id='word_1_653' title='bbox 235 2670 260 2685; x_wconf 89' lang='grc'>11.</span> <span class='ocrx_word' id='word_1_654' title='bbox 279 2662 358 2694; x_wconf 62' lang='grc' dir='ltr'><strong>16ης</strong></span> <span class='ocrx_word' id='word_1_655' title='bbox 378 2670 402 2687; x_wconf 72' lang='lat' dir='ltr'>a.</span> <span class='ocrx_word' id='word_1_656' title='bbox 427 2668 499 2693; x_wconf 86' lang='lat'>1331.</span> <span class='ocrx_word' id='word_1_657' title='bbox 521 2669 566 2684; x_wconf 89' lang='lat' dir='ltr'>nn.</span> <span class='ocrx_word' id='word_1_658' title='bbox 588 2659 646 2691; x_wconf 78' lang='lat'><strong>308,</strong></span> <span class='ocrx_word' id='word_1_659' title='bbox 662 2659 732 2692; x_wconf 83' lang='lat'><strong>736),</strong></span> <span class='ocrx_word' id='word_1_660' title='bbox 745 2658 904 2690; x_wconf 81' lang='lat' dir='ltr'>qualificato</span> <span class='ocrx_word' id='word_1_661' title='bbox 919 2666 995 2682; x_wconf 80' lang='lat' dir='ltr'>come</span> 
     </span>
     <span class='ocr_line' id='line_1_56' title="bbox 106 2698 994 2735; baseline -0.005 -8"><span class='ocrx_word' id='word_1_662' title='bbox 106 2704 216 2734; x_wconf 85' lang='lat' dir='ltr'>giudice</span> <span class='ocrx_word' id='word_1_663' title='bbox 236 2704 364 2735; x_wconf 78' lang='lat' dir='ltr'>generale</span> <span class='ocrx_word' id='word_1_664' title='bbox 392 2704 403 2715; x_wconf 85' lang='lat'><strong>“</strong></span> <span class='ocrx_word' id='word_1_665' title='bbox 417 2711 466 2734; x_wconf 87' lang='lat' dir='ltr'>pro</span> <span class='ocrx_word' id='word_1_666' title='bbox 492 2701 647 2733; x_wconf 80' lang='lat' dir='ltr'>magnificis</span> <span class='ocrx_word' id='word_1_667' title='bbox 666 2702 789 2725; x_wconf 85' lang='lat' dir='ltr'>dominis</span> <span class='ocrx_word' id='word_1_668' title='bbox 815 2698 945 2724; x_wconf 79' lang='lat' dir='ltr'>Guidone</span> <span class='ocrx_word' id='word_1_669' title='bbox 967 2702 994 2724; x_wconf 87' lang='lat' dir='ltr'>et</span> 
     </span>
     <span class='ocr_line' id='line_1_57' title="bbox 109 2740 995 2776; baseline -0.003 -7"><span class='ocrx_word' id='word_1_670' title='bbox 109 2744 122 2757; x_wconf 71' lang='lat'><em>“</em></span> <span class='ocrx_word' id='word_1_671' title='bbox 132 2740 279 2769; x_wconf 76' lang='lat' dir='ltr'>Manfredo</span> <span class='ocrx_word' id='word_1_672' title='bbox 293 2746 326 2769; x_wconf 93' lang='lat' dir='ltr'>de</span> <span class='ocrx_word' id='word_1_673' title='bbox 339 2745 398 2768; x_wconf 87' lang='lat' dir='ltr'>Piis</span> <span class='ocrx_word' id='word_1_674' title='bbox 412 2745 588 2776; x_wconf 83' lang='lat' dir='ltr'>generalibus</span> <span class='ocrx_word' id='word_1_675' title='bbox 602 2744 716 2767; x_wconf 84' lang='lat' dir='ltr'>vicariis</span> <span class='ocrx_word' id='word_1_676' title='bbox 729 2742 838 2766; x_wconf 83' lang='lat' dir='ltr'>Mutine</span> <span class='ocrx_word' id='word_1_677' title='bbox 852 2760 873 2771; x_wconf 82' lang='lat'>„.</span> <span class='ocrx_word' id='word_1_678' title='bbox 911 2742 934 2765; x_wconf 89' lang='lat' dir='ltr'>Il</span> <span class='ocrx_word' id='word_1_679' title='bbox 948 2742 995 2766; x_wconf 84' lang='lat' dir='ltr'>Ba-</span> 
     </span>
     <span class='ocr_line' id='line_1_58' title="bbox 107 2781 995 2818; baseline -0.005 -7"><span class='ocrx_word' id='word_1_680' title='bbox 107 2788 198 2811; x_wconf 86' lang='lat' dir='ltr'>rucchi</span> <span class='ocrx_word' id='word_1_681' title='bbox 219 2795 263 2811; x_wconf 82' lang='lat' dir='ltr'>era</span> <span class='ocrx_word' id='word_1_682' title='bbox 284 2789 357 2811; x_wconf 83' lang='lat' dir='ltr'>stato</span> <span class='ocrx_word' id='word_1_683' title='bbox 370 2786 417 2818; x_wconf 68' lang='lat' dir='ltr'>gia</span> <span class='ocrx_word' id='word_1_684' title='bbox 434 2789 460 2810; x_wconf 89' lang='lat' dir='ltr'>in</span> <span class='ocrx_word' id='word_1_685' title='bbox 476 2787 596 2810; x_wconf 77' lang='lat' dir='ltr'>Modena</span> <span class='ocrx_word' id='word_1_686' title='bbox 610 2793 687 2809; x_wconf 86' lang='lat' dir='ltr'>come</span> <span class='ocrx_word' id='word_1_687' title='bbox 702 2786 808 2808; x_wconf 87' lang='lat' dir='ltr'>vicario</span> <span class='ocrx_word' id='word_1_688' title='bbox 820 2785 865 2808; x_wconf 79' lang='lat' dir='ltr'>del</span> <span class='ocrx_word' id='word_1_689' title='bbox 881 2781 995 2815; x_wconf 67' lang='lat' dir='ltr'>podesta</span> 
     </span>
     <span class='ocr_line' id='line_1_59' title="bbox 108 2825 993 2860; baseline -0.005 -7"><span class='ocrx_word' id='word_1_690' title='bbox 108 2830 151 2853; x_wconf 85' lang='lat' dir='ltr'>nel</span> <span class='ocrx_word' id='word_1_691' title='bbox 175 2828 240 2860; x_wconf 86' lang='lat'>1318</span> <span class='ocrx_word' id='word_1_692' title='bbox 260 2829 360 2860; x_wconf 70' lang='lat' dir='ltr'>(Mem.</span> <span class='ocrx_word' id='word_1_693' title='bbox 381 2838 404 2853; x_wconf 80' lang='lat' dir='ltr'>a.</span> <span class='ocrx_word' id='word_1_694' title='bbox 429 2828 501 2860; x_wconf 71' lang='lat'>1384.</span> <span class='ocrx_word' id='word_1_695' title='bbox 523 2829 612 2859; x_wconf 84' lang='lat' dir='ltr'>foglio</span> <span class='ocrx_word' id='word_1_696' title='bbox 633 2828 660 2851; x_wconf 91' lang='lat' dir='ltr'>di</span> <span class='ocrx_word' id='word_1_697' title='bbox 683 2827 828 2858; x_wconf 81' lang='lat' dir='ltr'>risguardo</span> <span class='ocrx_word' id='word_1_698' title='bbox 851 2827 899 2850; x_wconf 88' lang='lat' dir='ltr'>che</span> <span class='ocrx_word' id='word_1_699' title='bbox 918 2825 932 2850; x_wconf 73' lang='grc' dir='ltr'>ὲ</span> <span class='ocrx_word' id='word_1_700' title='bbox 958 2834 993 2849; x_wconf 83' lang='lat' dir='ltr'>un</span> 
     </span>
     <span class='ocr_line' id='line_1_60' title="bbox 108 2868 995 2901; baseline -0.005 -6"><span class='ocrx_word' id='word_1_701' title='bbox 108 2873 274 2895; x_wconf 82' lang='lat' dir='ltr'>frammento</span> <span class='ocrx_word' id='word_1_702' title='bbox 289 2872 315 2895; x_wconf 81' lang='lat' dir='ltr'>di</span> <span class='ocrx_word' id='word_1_703' title='bbox 330 2872 402 2895; x_wconf 88' lang='lat' dir='ltr'>libro</span> <span class='ocrx_word' id='word_1_704' title='bbox 414 2873 441 2895; x_wconf 91' lang='lat' dir='ltr'>di</span> <span class='ocrx_word' id='word_1_705' title='bbox 454 2870 619 2901; x_wconf 77' lang='lat' dir='ltr'>condanne).</span> <span class='ocrx_word' id='word_1_706' title='bbox 631 2878 644 2893; x_wconf 90' lang='lat' dir='ltr'>e</span> <span class='ocrx_word' id='word_1_707' title='bbox 658 2871 684 2893; x_wconf 91' lang='lat' dir='ltr'>vi</span> <span class='ocrx_word' id='word_1_708' title='bbox 698 2868 782 2893; x_wconf 72' lang='lat' dir='ltr'>torno</span> <span class='ocrx_word' id='word_1_709' title='bbox 793 2870 840 2900; x_wconf 88' lang='lat' dir='ltr'>poi</span> <span class='ocrx_word' id='word_1_710' title='bbox 852 2876 928 2892; x_wconf 82' lang='lat' dir='ltr'>come</span> <span class='ocrx_word' id='word_1_711' title='bbox 939 2870 995 2900; x_wconf 88' lang='lat' dir='ltr'>giu-</span> 
     </span>
     <span class='ocr_line' id='line_1_61' title="bbox 105 2909 994 2943; baseline -0.003 -8"><span class='ocrx_word' id='word_1_712' title='bbox 105 2913 165 2936; x_wconf 85' lang='lat' dir='ltr'>dice</span> <span class='ocrx_word' id='word_1_713' title='bbox 178 2913 305 2942; x_wconf 78' lang='lat' dir='ltr'>generale</span> <span class='ocrx_word' id='word_1_714' title='bbox 317 2912 390 2942; x_wconf 82' lang='lat' dir='ltr'>negli</span> <span class='ocrx_word' id='word_1_715' title='bbox 404 2913 469 2935; x_wconf 84' lang='lat' dir='ltr'>anni</span> <span class='ocrx_word' id='word_1_716' title='bbox 486 2919 558 2943; x_wconf 79' lang='lat'>1333.</span> <span class='ocrx_word' id='word_1_717' title='bbox 574 2918 638 2942; x_wconf 78' lang='lat'>1334</span> <span class='ocrx_word' id='word_1_718' title='bbox 649 2918 663 2934; x_wconf 94' lang='lat' dir='ltr'>e</span> <span class='ocrx_word' id='word_1_719' title='bbox 681 2909 746 2942; x_wconf 83' lang='lat'>1336</span> <span class='ocrx_word' id='word_1_720' title='bbox 761 2918 767 2938; x_wconf 70' lang='grc' dir='ltr'><strong>ς</strong></span> <span class='ocrx_word' id='word_1_721' title='bbox 783 2911 870 2940; x_wconf 58' lang='lat' dir='ltr'>Mem„</span> <span class='ocrx_word' id='word_1_722' title='bbox 884 2917 908 2933; x_wconf 84' lang='lat' dir='ltr'>a.</span> <span class='ocrx_word' id='word_1_723' title='bbox 922 2916 994 2940; x_wconf 78' lang='grc'><strong>1333,</strong></span> 
     </span>
     <span class='ocr_line' id='line_1_62' title="bbox 107 2952 739 2985; baseline -0.003 -8"><span class='ocrx_word' id='word_1_724' title='bbox 107 2953 140 2983; x_wconf 74' lang='lat' dir='ltr'>II,</span> <span class='ocrx_word' id='word_1_725' title='bbox 161 2962 185 2977; x_wconf 88' lang='lat' dir='ltr'>n.</span> <span class='ocrx_word' id='word_1_726' title='bbox 207 2952 252 2984; x_wconf 74' lang='lat'>64;</span> <span class='ocrx_word' id='word_1_727' title='bbox 274 2961 297 2977; x_wconf 76' lang='lat' dir='ltr'>a.</span> <span class='ocrx_word' id='word_1_728' title='bbox 322 2952 394 2985; x_wconf 71' lang='grc'><strong>1336,</strong></span> <span class='ocrx_word' id='word_1_729' title='bbox 414 2953 447 2980; x_wconf 83' lang='lat'>11.</span> <span class='ocrx_word' id='word_1_730' title='bbox 467 2961 514 2976; x_wconf 89' lang='lat' dir='ltr'>nn.</span> <span class='ocrx_word' id='word_1_731' title='bbox 533 2958 575 2985; x_wconf 79' lang='lat'>45.</span> <span class='ocrx_word' id='word_1_732' title='bbox 590 2959 648 2984; x_wconf 78' lang='lat'><strong>295,</strong></span> <span class='ocrx_word' id='word_1_733' title='bbox 669 2952 739 2983; x_wconf 78' lang='lat'>553).</span> 
     </span>
    </p>
   </div>
   <div class='ocr_carea' id='block_1_12' title="bbox 1049 1983 1932 2059">
    <p class='ocr_par' dir='ltr' id='par_1_16' title="bbox 1049 1983 1932 2059">
     <span class='ocr_line' id='line_1_63' title="bbox 1135 1983 1932 2013; baseline -0.009 -1"><span class='ocrx_word' id='word_1_734' title='bbox 1135 1986 1147 2002; x_wconf 82' lang='lat'><strong>⁴</strong></span> <span class='ocrx_word' id='word_1_735' title='bbox 1168 1987 1293 2012; x_wconf 86' lang='lat' dir='ltr'>Seeondo</span> <span class='ocrx_word' id='word_1_736' title='bbox 1314 1986 1439 2012; x_wconf 77' lang='lat' dir='ltr'>l&#39;EUBEL.</span> <span class='ocrx_word' id='word_1_737' title='bbox 1459 1986 1478 2013; x_wconf 83' lang='grc' dir='ltr'>Ι,</span> <span class='ocrx_word' id='word_1_738' title='bbox 1499 1985 1554 2009; x_wconf 84' lang='lat' dir='ltr'>alla</span> <span class='ocrx_word' id='word_1_739' title='bbox 1584 1992 1650 2007; x_wconf 84' lang='lat' dir='ltr'>voce</span> <span class='ocrx_word' id='word_1_740' title='bbox 1672 1983 1809 2012; x_wconf 66' lang='lat' dir='ltr'>Mucium,</span> <span class='ocrx_word' id='word_1_741' title='bbox 1836 1984 1932 2013; x_wconf 80' lang='lat' dir='ltr'>questo</span> 
     </span>
     <span class='ocr_line' id='line_1_64' title="bbox 1049 2020 1932 2059; baseline -0.008 -5"><span class='ocrx_word' id='word_1_742' title='bbox 1049 2038 1166 2054; x_wconf 78' lang='lat' dir='ltr'>vescovo</span> <span class='ocrx_word' id='word_1_743' title='bbox 1179 2030 1324 2053; x_wconf 82' lang='lat' dir='ltr'>nominato</span> <span class='ocrx_word' id='word_1_744' title='bbox 1338 2028 1540 2059; x_wconf 80' lang='lat' dir='ltr'>dall&#39;antipapa</span> <span class='ocrx_word' id='word_1_745' title='bbox 1555 2020 1666 2050; x_wconf 43' lang='lat' dir='ltr'>sa&#39;rebbe</span> <span class='ocrx_word' id='word_1_746' title='bbox 1677 2025 1704 2049; x_wconf 92' lang='lat' dir='ltr'>la</span> <span class='ocrx_word' id='word_1_747' title='bbox 1719 2027 1803 2049; x_wconf 83' lang='lat' dir='ltr'>stessa</span> <span class='ocrx_word' id='word_1_748' title='bbox 1815 2031 1932 2055; x_wconf 85' lang='lat' dir='ltr'>persona</span> 
     </span>
    </p>
   </div>
   <div class='ocr_carea' id='block_1_13' title="bbox 1984 554 2115 572">
    <p class='ocr_par' dir='ltr' id='par_1_17' title="bbox 1984 554 2115 572">
     <span class='ocr_line' id='line_1_65' title="bbox 1984 554 2115 572; baseline 0 -1"><span class='ocrx_word' id='word_1_749' title='bbox 1984 554 2014 572; x_wconf 63' lang='lat' dir='ltr'>Mi</span> <span class='ocrx_word' id='word_1_750' title='bbox 2033 560 2047 571; x_wconf 60' lang='lat' dir='ltr'>c„</span> <span class='ocrx_word' id='word_1_751' title='bbox 2085 560 2115 572; x_wconf 53' lang='grc' dir='ltr'>,ης</span> 
     </span>
    </p>
   </div>
   <div class='ocr_carea' id='block_1_14' title="bbox 1047 2065 1994 2103">
    <p class='ocr_par' dir='ltr' id='par_1_18' title="bbox 1047 2065 1994 2103">
     <span class='ocr_line' id='line_1_66' title="bbox 1047 2065 1994 2103; baseline -0.007 -8"><span class='ocrx_word' id='word_1_752' title='bbox 1047 2073 1075 2096; x_wconf 87' lang='lat' dir='ltr'>di</span> <span class='ocrx_word' id='word_1_753' title='bbox 1097 2070 1309 2103; x_wconf 78' lang='lat' dir='ltr'>quell&#39;Orlando</span> <span class='ocrx_word' id='word_1_754' title='bbox 1329 2070 1474 2094; x_wconf 86' lang='lat' dir='ltr'>Albizzini</span> <span class='ocrx_word' id='word_1_755' title='bbox 1495 2069 1529 2093; x_wconf 92' lang='lat' dir='ltr'>da</span> <span class='ocrx_word' id='word_1_756' title='bbox 1549 2065 1626 2092; x_wconf 57' lang='lat' dir='ltr'>citt&amp;</span> <span class='ocrx_word' id='word_1_757' title='bbox 1646 2068 1674 2091; x_wconf 93' lang='lat' dir='ltr'>di</span> <span class='ocrx_word' id='word_1_758' title='bbox 1696 2066 1828 2094; x_wconf 83' lang='lat' dir='ltr'>Castello,</span> <span class='ocrx_word' id='word_1_759' title='bbox 1843 2066 1891 2090; x_wconf 83' lang='lat' dir='ltr'>che</span> <span class='ocrx_word' id='word_1_760' title='bbox 1904 2066 1932 2088; x_wconf 92' lang='lat' dir='ltr'>lo</span> <span class='ocrx_word' id='word_1_761' title='bbox 1961 2071 1994 2094; x_wconf 75' lang='lat'>40</span> 
     </span>
    </p>
   </div>
   <div class='ocr_carea' id='block_1_15' title="bbox 1047 2106 1932 2271">
    <p class='ocr_par' dir='ltr' id='par_1_19' title="bbox 1048 2106 1930 2187">
     <span class='ocr_line' id='line_1_67' title="bbox 1048 2106 1930 2142; baseline -0.009 -4"><span class='ocrx_word' id='word_1_762' title='bbox 1048 2116 1135 2138; x_wconf 79' lang='lat' dir='ltr'>stesso</span> <span class='ocrx_word' id='word_1_763' title='bbox 1155 2111 1273 2136; x_wconf 72' lang='lat' dir='ltr'>Niceolo</span> <span class='ocrx_word' id='word_1_764' title='bbox 1296 2112 1317 2134; x_wconf 96' lang='lat' dir='ltr'>V</span> <span class='ocrx_word' id='word_1_765' title='bbox 1338 2109 1455 2135; x_wconf 71' lang='lat' dir='ltr'>nomino</span> <span class='ocrx_word' id='word_1_766' title='bbox 1475 2112 1521 2142; x_wconf 91' lang='lat' dir='ltr'>poi</span> <span class='ocrx_word' id='word_1_767' title='bbox 1544 2117 1662 2133; x_wconf 87' lang='lat' dir='ltr'>vescovo</span> <span class='ocrx_word' id='word_1_768' title='bbox 1682 2109 1709 2132; x_wconf 91' lang='lat' dir='ltr'>di</span> <span class='ocrx_word' id='word_1_769' title='bbox 1731 2106 1808 2132; x_wconf 62' lang='lat' dir='ltr'>Citta</span> <span class='ocrx_word' id='word_1_770' title='bbox 1829 2108 1856 2131; x_wconf 81' lang='lat' dir='ltr'>di</span> <span class='ocrx_word' id='word_1_771' title='bbox 1878 2107 1930 2131; x_wconf 83' lang='lat' dir='ltr'>Ca-</span> 
     </span>
     <span class='ocr_line' id='line_1_68' title="bbox 1048 2155 1487 2187; baseline -0.011 -5"><span class='ocrx_word' id='word_1_772' title='bbox 1048 2158 1130 2182; x_wconf 85' lang='lat' dir='ltr'>stello</span> <span class='ocrx_word' id='word_1_773' title='bbox 1150 2166 1163 2180; x_wconf 83' lang='lat' dir='ltr'>e</span> <span class='ocrx_word' id='word_1_774' title='bbox 1182 2157 1280 2187; x_wconf 90' lang='lat' dir='ltr'>quindi</span> <span class='ocrx_word' id='word_1_775' title='bbox 1301 2157 1329 2180; x_wconf 91' lang='lat' dir='ltr'>di</span> <span class='ocrx_word' id='word_1_776' title='bbox 1350 2155 1487 2179; x_wconf 84' lang='lat' dir='ltr'>Voltcrra.</span> 
     </span>
    </p>

    <p class='ocr_par' dir='ltr' id='par_1_20' title="bbox 1047 2193 1932 2271">
     <span class='ocr_line' id='line_1_69' title="bbox 1135 2193 1932 2227; baseline -0.008 -4"><span class='ocrx_word' id='word_1_777' title='bbox 1135 2197 1146 2214; x_wconf 85' lang='lat'>⁵</span> <span class='ocrx_word' id='word_1_778' title='bbox 1167 2197 1270 2225; x_wconf 80' lang='lat' dir='ltr'>Questa</span> <span class='ocrx_word' id='word_1_779' title='bbox 1291 2198 1406 2227; x_wconf 84' lang='lat' dir='ltr'>notizia,</span> <span class='ocrx_word' id='word_1_780' title='bbox 1427 2198 1492 2221; x_wconf 84' lang='lat' dir='ltr'>data</span> <span class='ocrx_word' id='word_1_781' title='bbox 1511 2198 1553 2220; x_wconf 84' lang='lat' dir='ltr'>tra</span> <span class='ocrx_word' id='word_1_782' title='bbox 1572 2203 1628 2219; x_wconf 90' lang='lat' dir='ltr'>una</span> <span class='ocrx_word' id='word_1_783' title='bbox 1642 2196 1685 2219; x_wconf 84' lang='lat' dir='ltr'>del</span> <span class='ocrx_word' id='word_1_784' title='bbox 1701 2195 1790 2226; x_wconf 85' lang='lat' dir='ltr'>luglio</span> <span class='ocrx_word' id='word_1_785' title='bbox 1811 2202 1824 2217; x_wconf 87' lang='lat' dir='ltr'>e</span> <span class='ocrx_word' id='word_1_786' title='bbox 1844 2193 1932 2218; x_wconf 81' lang='lat' dir='ltr'>un&#39;al-</span> 
     </span>
     <span class='ocr_line' id='line_1_70' title="bbox 1047 2236 1930 2271; baseline -0.008 -6"><span class='ocrx_word' id='word_1_787' title='bbox 1047 2244 1089 2265; x_wconf 84' lang='lat' dir='ltr'>tra</span> <span class='ocrx_word' id='word_1_788' title='bbox 1110 2241 1285 2271; x_wconf 57' lang='lat' dir='ltr'>dess’agostm</span> <span class='ocrx_word' id='word_1_789' title='bbox 1306 2240 1394 2263; x_wconf 88' lang='lat' dir='ltr'>molto</span> <span class='ocrx_word' id='word_1_790' title='bbox 1414 2239 1636 2270; x_wconf 84' lang='lat' dir='ltr'>probabilmente</span> <span class='ocrx_word' id='word_1_791' title='bbox 1650 2236 1664 2261; x_wconf 74' lang='lat' dir='ltr'>&#39;e</span> <span class='ocrx_word' id='word_1_792' title='bbox 1678 2238 1750 2261; x_wconf 83' lang='lat' dir='ltr'>tutta</span> <span class='ocrx_word' id='word_1_793' title='bbox 1764 2237 1797 2260; x_wconf 93' lang='lat' dir='ltr'>da</span> <span class='ocrx_word' id='word_1_794' title='bbox 1813 2236 1930 2259; x_wconf 77' lang='lat' dir='ltr'>riferii-si</span> 
     </span>
    </p>
   </div>
   <div class='ocr_carea' id='block_1_16' title="bbox 1048 2277 1992 2312">
    <p class='ocr_par' dir='ltr' id='par_1_21' title="bbox 1048 2277 1992 2312">
     <span class='ocr_line' id='line_1_71' title="bbox 1048 2277 1992 2312; baseline -0.007 -5"><span class='ocrx_word' id='word_1_795' title='bbox 1048 2284 1103 2307; x_wconf 88' lang='lat' dir='ltr'>alla</span> <span class='ocrx_word' id='word_1_796' title='bbox 1131 2284 1303 2306; x_wconf 81' lang='lat' dir='ltr'>trebbiatura</span> <span class='ocrx_word' id='word_1_797' title='bbox 1331 2281 1376 2305; x_wconf 82' lang='lat' dir='ltr'>del</span> <span class='ocrx_word' id='word_1_798' title='bbox 1405 2288 1500 2312; x_wconf 82' lang='lat' dir='ltr'>grano,</span> <span class='ocrx_word' id='word_1_799' title='bbox 1523 2281 1626 2307; x_wconf 81' lang='lat' dir='ltr'>fattasi,</span> <span class='ocrx_word' id='word_1_800' title='bbox 1653 2287 1729 2303; x_wconf 81' lang='lat' dir='ltr'>come</span> <span class='ocrx_word' id='word_1_801' title='bbox 1752 2279 1821 2302; x_wconf 81' lang='lat' dir='ltr'>altre</span> <span class='ocrx_word' id='word_1_802' title='bbox 1849 2277 1932 2307; x_wconf 82' lang='lat' dir='ltr'>volte,</span> <span class='ocrx_word' id='word_1_803' title='bbox 1961 2280 1992 2305; x_wconf 75' lang='lat'>45</span> 
     </span>
    </p>
   </div>
   <div class='ocr_carea' id='block_1_17' title="bbox 1047 2319 1934 2479">
    <p class='ocr_par' dir='ltr' id='par_1_22' title="bbox 1047 2319 1934 2479">
     <span class='ocr_line' id='line_1_72' title="bbox 1047 2319 1930 2357; baseline -0.007 -9"><span class='ocrx_word' id='word_1_804' title='bbox 1047 2333 1095 2357; x_wconf 81' lang='lat' dir='ltr'>per</span> <span class='ocrx_word' id='word_1_805' title='bbox 1114 2325 1140 2348; x_wconf 89' lang='lat' dir='ltr'>le</span> <span class='ocrx_word' id='word_1_806' title='bbox 1159 2326 1255 2356; x_wconf 85' lang='lat' dir='ltr'>piazze</span> <span class='ocrx_word' id='word_1_807' title='bbox 1275 2332 1289 2347; x_wconf 85' lang='lat' dir='ltr'>e</span> <span class='ocrx_word' id='word_1_808' title='bbox 1308 2324 1334 2347; x_wconf 86' lang='lat' dir='ltr'>le</span> <span class='ocrx_word' id='word_1_809' title='bbox 1348 2324 1392 2347; x_wconf 88' lang='lat' dir='ltr'>vie</span> <span class='ocrx_word' id='word_1_810' title='bbox 1405 2323 1479 2346; x_wconf 89' lang='lat' dir='ltr'>della</span> <span class='ocrx_word' id='word_1_811' title='bbox 1499 2319 1576 2348; x_wconf 62' lang='lat' dir='ltr'>cittii.</span> <span class='ocrx_word' id='word_1_812' title='bbox 1591 2329 1647 2345; x_wconf 89' lang='lat' dir='ltr'>non</span> <span class='ocrx_word' id='word_1_813' title='bbox 1662 2320 1808 2345; x_wconf 81' lang='lat' dir='ltr'>tenendosi</span> <span class='ocrx_word' id='word_1_814' title='bbox 1824 2320 1907 2343; x_wconf 88' lang='lat' dir='ltr'>sicuri</span> <span class='ocrx_word' id='word_1_815' title='bbox 1923 2320 1930 2341; x_wconf 92' lang='lat' dir='ltr'>i</span> 
     </span>
     <span class='ocr_line' id='line_1_73' title="bbox 1048 2361 1934 2395; baseline -0.008 -4"><span class='ocrx_word' id='word_1_816' title='bbox 1048 2367 1191 2391; x_wconf 86' lang='lat' dir='ltr'>contadini</span> <span class='ocrx_word' id='word_1_817' title='bbox 1223 2366 1250 2390; x_wconf 89' lang='lat' dir='ltr'>di</span> <span class='ocrx_word' id='word_1_818' title='bbox 1280 2366 1349 2389; x_wconf 83' lang='lat' dir='ltr'>faria</span> <span class='ocrx_word' id='word_1_819' title='bbox 1376 2366 1404 2388; x_wconf 91' lang='lat' dir='ltr'>in</span> <span class='ocrx_word' id='word_1_820' title='bbox 1423 2372 1584 2395; x_wconf 68' lang='lat' dir='ltr'>camp-agna.</span> <span class='ocrx_word' id='word_1_821' title='bbox 1611 2371 1658 2395; x_wconf 86' lang='lat' dir='ltr'>per</span> <span class='ocrx_word' id='word_1_822' title='bbox 1683 2363 1708 2386; x_wconf 90' lang='lat' dir='ltr'>le</span> <span class='ocrx_word' id='word_1_823' title='bbox 1728 2363 1860 2386; x_wconf 84' lang='lat' dir='ltr'>scorrerie</span> <span class='ocrx_word' id='word_1_824' title='bbox 1880 2361 1934 2384; x_wconf 88' lang='lat' dir='ltr'>del-</span> 
     </span>
     <span class='ocr_line' id='line_1_74' title="bbox 1048 2402 1932 2436; baseline -0.006 -5"><span class='ocrx_word' id='word_1_825' title='bbox 1048 2409 1186 2433; x_wconf 78' lang='lat' dir='ltr'>l’esercito</span> <span class='ocrx_word' id='word_1_826' title='bbox 1218 2408 1426 2436; x_wconf 79' lang='lat' dir='ltr'>ecclesiastic03</span> <span class='ocrx_word' id='word_1_827' title='bbox 1455 2414 1498 2430; x_wconf 86' lang='lat' dir='ltr'>ma</span> <span class='ocrx_word' id='word_1_828' title='bbox 1527 2406 1576 2430; x_wconf 86' lang='lat' dir='ltr'>che</span> <span class='ocrx_word' id='word_1_829' title='bbox 1607 2412 1670 2429; x_wconf 86' lang='lat' dir='ltr'>cosa</span> <span class='ocrx_word' id='word_1_830' title='bbox 1699 2404 1838 2435; x_wconf 84' lang='lat' dir='ltr'>significhi</span> <span class='ocrx_word' id='word_1_831' title='bbox 1870 2402 1932 2434; x_wconf 87' lang='lat' dir='ltr'>quel</span> 
     </span>
     <span class='ocr_line' id='line_1_75' title="bbox 1050 2446 1934 2479; baseline -0.008 -5"><span class='ocrx_word' id='word_1_832' title='bbox 1050 2450 1062 2462; x_wconf 82' lang='lat'><em>“</em></span> <span class='ocrx_word' id='word_1_833' title='bbox 1074 2451 1287 2474; x_wconf 83' lang='lat' dir='ltr'>concitaverunt</span> <span class='ocrx_word' id='word_1_834' title='bbox 1300 2467 1311 2478; x_wconf 81' lang='lat'>,.</span> <span class='ocrx_word' id='word_1_835' title='bbox 1334 2450 1361 2471; x_wconf 91' lang='lat' dir='ltr'>io</span> <span class='ocrx_word' id='word_1_836' title='bbox 1382 2456 1437 2471; x_wconf 85' lang='lat' dir='ltr'>non</span> <span class='ocrx_word' id='word_1_837' title='bbox 1459 2448 1547 2479; x_wconf 85' lang='lat' dir='ltr'>saprei</span> <span class='ocrx_word' id='word_1_838' title='bbox 1562 2448 1638 2474; x_wconf 79' lang='lat' dir='ltr'>dire;</span> <span class='ocrx_word' id='word_1_839' title='bbox 1653 2447 1720 2470; x_wconf 80' lang='lat' dir='ltr'>deve</span> <span class='ocrx_word' id='word_1_840' title='bbox 1735 2446 1859 2469; x_wconf 80' lang='lat' dir='ltr'>trattarsi</span> <span class='ocrx_word' id='word_1_841' title='bbox 1873 2452 1934 2475; x_wconf 84' lang='lat' dir='ltr'>pro-</span> 
     </span>
    </p>
   </div>
   <div class='ocr_carea' id='block_1_18' title="bbox 1048 2487 1995 2521">
    <p class='ocr_par' dir='ltr' id='par_1_23' title="bbox 1048 2487 1995 2521">
     <span class='ocr_line' id='line_1_76' title="bbox 1048 2487 1995 2521; baseline -0.008 -6"><span class='ocrx_word' id='word_1_842' title='bbox 1048 2491 1218 2516; x_wconf 82' lang='lat' dir='ltr'>babilmente</span> <span class='ocrx_word' id='word_1_843' title='bbox 1238 2491 1265 2514; x_wconf 90' lang='lat' dir='ltr'>di</span> <span class='ocrx_word' id='word_1_844' title='bbox 1286 2498 1341 2514; x_wconf 83' lang='lat' dir='ltr'>una</span> <span class='ocrx_word' id='word_1_845' title='bbox 1361 2490 1458 2521; x_wconf 82' lang='lat' dir='ltr'>pai-ola</span> <span class='ocrx_word' id='word_1_846' title='bbox 1484 2489 1555 2513; x_wconf 83' lang='lat' dir='ltr'>male</span> <span class='ocrx_word' id='word_1_847' title='bbox 1581 2489 1724 2512; x_wconf 65' lang='lat' dir='ltr'>trasei-itta</span> <span class='ocrx_word' id='word_1_848' title='bbox 1745 2487 1790 2510; x_wconf 86' lang='lat' dir='ltr'>dal</span> <span class='ocrx_word' id='word_1_849' title='bbox 1816 2487 1932 2518; x_wconf 84' lang='lat' dir='ltr'>copista.</span> <span class='ocrx_word' id='word_1_850' title='bbox 1962 2490 1995 2514; x_wconf 86' lang='lat'>50</span> 
     </span>
    </p>
   </div>
   <div class='ocr_carea' id='block_1_19' title="bbox 1047 2527 1934 2687">
    <p class='ocr_par' dir='ltr' id='par_1_24' title="bbox 1047 2527 1934 2647">
     <span class='ocr_line' id='line_1_77' title="bbox 1048 2527 1934 2564; baseline -0.007 -7"><span class='ocrx_word' id='word_1_851' title='bbox 1048 2533 1086 2557; x_wconf 79' lang='lat' dir='ltr'>Le</span> <span class='ocrx_word' id='word_1_852' title='bbox 1105 2534 1147 2556; x_wconf 85' lang='lat' dir='ltr'>aie</span> <span class='ocrx_word' id='word_1_853' title='bbox 1166 2531 1210 2564; x_wconf 71' lang='lat' dir='ltr'>(de</span> <span class='ocrx_word' id='word_1_854' title='bbox 1229 2531 1296 2563; x_wconf 75' lang='lat' dir='ltr'>aris)</span> <span class='ocrx_word' id='word_1_855' title='bbox 1316 2539 1400 2556; x_wconf 82' lang='lat' dir='ltr'>erano</span> <span class='ocrx_word' id='word_1_856' title='bbox 1420 2532 1498 2562; x_wconf 86' lang='lat' dir='ltr'>piani</span> <span class='ocrx_word' id='word_1_857' title='bbox 1519 2531 1546 2554; x_wconf 88' lang='lat' dir='ltr'>di</span> <span class='ocrx_word' id='word_1_858' title='bbox 1568 2531 1650 2561; x_wconf 83' lang='lat' dir='ltr'>legno</span> <span class='ocrx_word' id='word_1_859' title='bbox 1671 2530 1711 2553; x_wconf 90' lang='lat' dir='ltr'>sui</span> <span class='ocrx_word' id='word_1_860' title='bbox 1733 2528 1807 2560; x_wconf 89' lang='lat' dir='ltr'>quali</span> <span class='ocrx_word' id='word_1_861' title='bbox 1835 2528 1859 2551; x_wconf 87' lang='lat' dir='ltr'>si</span> <span class='ocrx_word' id='word_1_862' title='bbox 1878 2527 1934 2551; x_wconf 79' lang='lat' dir='ltr'>bat-</span> 
     </span>
     <span class='ocr_line' id='line_1_78' title="bbox 1047 2570 1931 2606; baseline -0.007 -7"><span class='ocrx_word' id='word_1_863' title='bbox 1047 2577 1110 2599; x_wconf 82' lang='lat' dir='ltr'>teva</span> <span class='ocrx_word' id='word_1_864' title='bbox 1132 2575 1151 2598; x_wconf 90' lang='lat' dir='ltr'>il</span> <span class='ocrx_word' id='word_1_865' title='bbox 1172 2582 1259 2605; x_wconf 85' lang='lat' dir='ltr'>grano</span> <span class='ocrx_word' id='word_1_866' title='bbox 1279 2575 1391 2606; x_wconf 78' lang='lat' dir='ltr'>portato</span> <span class='ocrx_word' id='word_1_867' title='bbox 1411 2575 1491 2596; x_wconf 85' lang='lat' dir='ltr'>entro</span> <span class='ocrx_word' id='word_1_868' title='bbox 1511 2572 1537 2596; x_wconf 89' lang='lat' dir='ltr'>la</span> <span class='ocrx_word' id='word_1_869' title='bbox 1558 2570 1626 2596; x_wconf 71' lang='lat' dir='ltr'>citta</span> <span class='ocrx_word' id='word_1_870' title='bbox 1647 2572 1675 2594; x_wconf 91' lang='lat' dir='ltr'>in</span> <span class='ocrx_word' id='word_1_871' title='bbox 1704 2571 1770 2594; x_wconf 85' lang='lat' dir='ltr'>fasci</span> <span class='ocrx_word' id='word_1_872' title='bbox 1794 2578 1810 2594; x_wconf 90' lang='lat' dir='ltr'>o</span> <span class='ocrx_word' id='word_1_873' title='bbox 1831 2571 1931 2594; x_wconf 85' lang='lat' dir='ltr'>covoni</span> 
     </span>
     <span class='ocr_line' id='line_1_79' title="bbox 1049 2611 1891 2647; baseline -0.007 -6"><span class='ocrx_word' id='word_1_874' title='bbox 1049 2617 1289 2641; x_wconf 85' lang='lat' dir='ltr'>ammonticchiati</span> <span class='ocrx_word' id='word_1_875' title='bbox 1310 2617 1357 2647; x_wconf 89' lang='lat' dir='ltr'>poi</span> <span class='ocrx_word' id='word_1_876' title='bbox 1379 2617 1407 2639; x_wconf 90' lang='lat' dir='ltr'>in</span> <span class='ocrx_word' id='word_1_877' title='bbox 1427 2615 1507 2639; x_wconf 81' lang='lat' dir='ltr'>biche</span> <span class='ocrx_word' id='word_1_878' title='bbox 1527 2622 1544 2638; x_wconf 93' lang='lat' dir='ltr'>o</span> <span class='ocrx_word' id='word_1_879' title='bbox 1565 2614 1710 2644; x_wconf 77' lang='lat' dir='ltr'>“medde„</span> <span class='ocrx_word' id='word_1_880' title='bbox 1733 2612 1771 2645; x_wconf 78' lang='lat' dir='ltr'>(in</span> <span class='ocrx_word' id='word_1_881' title='bbox 1791 2611 1891 2643; x_wconf 76' lang='lat' dir='ltr'>medis).</span> 
     </span>
    </p>

    <p class='ocr_par' dir='ltr' id='par_1_25' title="bbox 1141 2654 1934 2687">
     <span class='ocr_line' id='line_1_80' title="bbox 1141 2654 1934 2687; baseline -0.006 -5"><span class='ocrx_word' id='word_1_882' title='bbox 1141 2656 1152 2673; x_wconf 80' lang='lat'><strong>⁶</strong></span> <span class='ocrx_word' id='word_1_883' title='bbox 1172 2657 1220 2682; x_wconf 91' lang='lat' dir='ltr'>Gli</span> <span class='ocrx_word' id='word_1_884' title='bbox 1241 2658 1374 2682; x_wconf 82' lang='lat' dir='ltr'>Adelardi</span> <span class='ocrx_word' id='word_1_885' title='bbox 1395 2665 1480 2681; x_wconf 88' lang='lat' dir='ltr'>erano</span> <span class='ocrx_word' id='word_1_886' title='bbox 1500 2664 1554 2680; x_wconf 89' lang='lat' dir='ltr'>una</span> <span class='ocrx_word' id='word_1_887' title='bbox 1577 2656 1703 2687; x_wconf 84' lang='lat' dir='ltr'>samiglia</span> <span class='ocrx_word' id='word_1_888' title='bbox 1724 2655 1871 2681; x_wconf 79' lang='lat' dir='ltr'>cittadina.</span> <span class='ocrx_word' id='word_1_889' title='bbox 1885 2654 1934 2678; x_wconf 80' lang='lat' dir='ltr'>che</span> 
     </span>
    </p>
   </div>
   <div class='ocr_carea' id='block_1_20' title="bbox 1049 2696 1992 2729">
    <p class='ocr_par' dir='ltr' id='par_1_26' title="bbox 1049 2696 1992 2729">
     <span class='ocr_line' id='line_1_81' title="bbox 1049 2696 1992 2729; baseline -0.006 -5"><span class='ocrx_word' id='word_1_890' title='bbox 1049 2709 1093 2724; x_wconf 86' lang='lat' dir='ltr'>era</span> <span class='ocrx_word' id='word_1_891' title='bbox 1114 2702 1224 2728; x_wconf 80' lang='lat' dir='ltr'>venuta,</span> <span class='ocrx_word' id='word_1_892' title='bbox 1245 2707 1301 2724; x_wconf 89' lang='lat' dir='ltr'>non</span> <span class='ocrx_word' id='word_1_893' title='bbox 1322 2701 1343 2723; x_wconf 89' lang='lat' dir='ltr'>si</span> <span class='ocrx_word' id='word_1_894' title='bbox 1366 2707 1394 2723; x_wconf 87' lang='lat' dir='ltr'>sa</span> <span class='ocrx_word' id='word_1_895' title='bbox 1415 2706 1500 2728; x_wconf 84' lang='lat' dir='ltr'>come,</span> <span class='ocrx_word' id='word_1_896' title='bbox 1520 2699 1548 2722; x_wconf 92' lang='lat' dir='ltr'>in</span> <span class='ocrx_word' id='word_1_897' title='bbox 1564 2704 1691 2729; x_wconf 83' lang='lat' dir='ltr'>possesso</span> <span class='ocrx_word' id='word_1_898' title='bbox 1705 2698 1733 2721; x_wconf 87' lang='lat' dir='ltr'>di</span> <span class='ocrx_word' id='word_1_899' title='bbox 1755 2696 1932 2727; x_wconf 82' lang='lat' dir='ltr'>Formigine:</span> <span class='ocrx_word' id='word_1_900' title='bbox 1961 2700 1992 2724; x_wconf 84' lang='lat'>55</span> 
     </span>
    </p>
   </div>
   <div class='ocr_carea' id='block_1_21' title="bbox 1049 2737 1934 2890">
    <p class='ocr_par' dir='ltr' id='par_1_27' title="bbox 1049 2737 1934 2856">
     <span class='ocr_line' id='line_1_82' title="bbox 1049 2737 1931 2773; baseline -0.007 -7"><span class='ocrx_word' id='word_1_901' title='bbox 1049 2744 1128 2766; x_wconf 78' lang='lat' dir='ltr'>tanto</span> <span class='ocrx_word' id='word_1_902' title='bbox 1148 2742 1197 2766; x_wconf 89' lang='lat' dir='ltr'>che</span> <span class='ocrx_word' id='word_1_903' title='bbox 1228 2743 1271 2765; x_wconf 88' lang='lat' dir='ltr'>nei</span> <span class='ocrx_word' id='word_1_904' title='bbox 1301 2742 1372 2773; x_wconf 80' lang='lat' dir='ltr'>patti</span> <span class='ocrx_word' id='word_1_905' title='bbox 1394 2741 1467 2764; x_wconf 87' lang='lat' dir='ltr'>della</span> <span class='ocrx_word' id='word_1_906' title='bbox 1495 2741 1640 2764; x_wconf 87' lang='lat' dir='ltr'>dedizione</span> <span class='ocrx_word' id='word_1_907' title='bbox 1670 2740 1697 2763; x_wconf 90' lang='lat' dir='ltr'>di</span> <span class='ocrx_word' id='word_1_908' title='bbox 1727 2738 1847 2762; x_wconf 87' lang='lat' dir='ltr'>Modena</span> <span class='ocrx_word' id='word_1_909' title='bbox 1877 2737 1931 2768; x_wconf 85' lang='lat' dir='ltr'>agli</span> 
     </span>
     <span class='ocr_line' id='line_1_83' title="bbox 1049 2779 1934 2815; baseline -0.007 -7"><span class='ocrx_word' id='word_1_910' title='bbox 1049 2785 1156 2808; x_wconf 82' lang='lat' dir='ltr'>Estensi</span> <span class='ocrx_word' id='word_1_911' title='bbox 1179 2784 1223 2807; x_wconf 87' lang='lat' dir='ltr'>nel</span> <span class='ocrx_word' id='word_1_912' title='bbox 1241 2782 1307 2815; x_wconf 85' lang='lat'>1336</span> <span class='ocrx_word' id='word_1_913' title='bbox 1327 2784 1355 2806; x_wconf 88' lang='lat' dir='ltr'>fu</span> <span class='ocrx_word' id='word_1_914' title='bbox 1376 2783 1494 2806; x_wconf 80' lang='lat' dir='ltr'>fermato</span> <span class='ocrx_word' id='word_1_915' title='bbox 1514 2782 1562 2805; x_wconf 84' lang='lat' dir='ltr'>che</span> <span class='ocrx_word' id='word_1_916' title='bbox 1583 2781 1638 2813; x_wconf 88' lang='lat' dir='ltr'>agli</span> <span class='ocrx_word' id='word_1_917' title='bbox 1659 2780 1793 2804; x_wconf 82' lang='lat' dir='ltr'>Adelardi</span> <span class='ocrx_word' id='word_1_918' title='bbox 1810 2779 1883 2803; x_wconf 76' lang='lat' dir='ltr'>fosse</span> <span class='ocrx_word' id='word_1_919' title='bbox 1897 2786 1934 2802; x_wconf 87' lang='lat' dir='ltr'>re-</span> 
     </span>
     <span class='ocr_line' id='line_1_84' title="bbox 1049 2820 1746 2856; baseline -0.007 -7"><span class='ocrx_word' id='word_1_920' title='bbox 1049 2827 1161 2849; x_wconf 83' lang='lat' dir='ltr'>stituito</span> <span class='ocrx_word' id='word_1_921' title='bbox 1181 2825 1243 2856; x_wconf 84' lang='lat' dir='ltr'>quel</span> <span class='ocrx_word' id='word_1_922' title='bbox 1264 2824 1378 2848; x_wconf 79' lang='lat' dir='ltr'>castello</span> <span class='ocrx_word' id='word_1_923' title='bbox 1399 2823 1522 2855; x_wconf 78' lang='lat' dir='ltr'>(TiRAB.,</span> <span class='ocrx_word' id='word_1_924' title='bbox 1543 2823 1614 2852; x_wconf 54' lang='lat' dir='ltr'>Dia,</span> <span class='ocrx_word' id='word_1_925' title='bbox 1636 2822 1655 2849; x_wconf 78' lang='lat'>1.</span> <span class='ocrx_word' id='word_1_926' title='bbox 1676 2820 1746 2853; x_wconf 85' lang='lat'>306).</span> 
     </span>
    </p>

    <p class='ocr_par' dir='ltr' id='par_1_28' title="bbox 1134 2863 1932 2890">
     <span class='ocr_line' id='line_1_85' title="bbox 1134 2863 1932 2890; baseline -0.005 0"><span class='ocrx_word' id='word_1_927' title='bbox 1134 2865 1144 2881; x_wconf 76' lang='lat'><em>7</em></span> <span class='ocrx_word' id='word_1_928' title='bbox 1164 2867 1203 2890; x_wconf 88' lang='lat' dir='ltr'>La</span> <span class='ocrx_word' id='word_1_929' title='bbox 1223 2865 1383 2890; x_wconf 84' lang='lat' dir='ltr'>Mirandola</span> <span class='ocrx_word' id='word_1_930' title='bbox 1409 2873 1454 2889; x_wconf 85' lang='lat' dir='ltr'>era</span> <span class='ocrx_word' id='word_1_931' title='bbox 1474 2866 1545 2888; x_wconf 84' lang='lat' dir='ltr'>stata</span> <span class='ocrx_word' id='word_1_932' title='bbox 1572 2864 1766 2888; x_wconf 83' lang='lat' dir='ltr'>intieramentc</span> <span class='ocrx_word' id='word_1_933' title='bbox 1792 2863 1932 2887; x_wconf 77' lang='lat' dir='ltr'>(listrutta.</span> 
     </span>
    </p>
   </div>
   <div class='ocr_carea' id='block_1_22' title="bbox 1050 2903 1995 2934">
    <p class='ocr_par' dir='ltr' id='par_1_29' title="bbox 1050 2903 1995 2934">
     <span class='ocr_line' id='line_1_86' title="bbox 1050 2903 1995 2934; baseline -0.007 -2"><span class='ocrx_word' id='word_1_934' title='bbox 1050 2909 1193 2933; x_wconf 88' lang='lat' dir='ltr'>s&#39;intende</span> <span class='ocrx_word' id='word_1_935' title='bbox 1223 2907 1295 2931; x_wconf 80' lang='lat' dir='ltr'>nelle</span> <span class='ocrx_word' id='word_1_936' title='bbox 1322 2906 1527 2932; x_wconf 76' lang='lat' dir='ltr'>fortificazioni.</span> <span class='ocrx_word' id='word_1_937' title='bbox 1556 2906 1600 2929; x_wconf 77' lang='lat' dir='ltr'>dal</span> <span class='ocrx_word' id='word_1_938' title='bbox 1629 2904 1776 2928; x_wconf 87' lang='lat' dir='ltr'>Bonacolsi</span> <span class='ocrx_word' id='word_1_939' title='bbox 1799 2903 1843 2926; x_wconf 86' lang='lat' dir='ltr'>nel</span> <span class='ocrx_word' id='word_1_940' title='bbox 1868 2909 1931 2934; x_wconf 82' lang='lat'>1322</span> <span class='ocrx_word' id='word_1_941' title='bbox 1961 2903 1995 2928; x_wconf 85' lang='lat'>60</span> 
     </span>
    </p>
   </div>
   <div class='ocr_carea' id='block_1_23' title="bbox 1051 2948 1348 2982">
    <p class='ocr_par' dir='ltr' id='par_1_30' title="bbox 1051 2948 1348 2982">
     <span class='ocr_line' id='line_1_87' title="bbox 1051 2948 1348 2982; baseline -0.007 -9"><span class='ocrx_word' id='word_1_942' title='bbox 1051 2950 1098 2981; x_wconf 83' lang='lat' dir='ltr'>(cf.</span> <span class='ocrx_word' id='word_1_943' title='bbox 1120 2958 1144 2981; x_wconf 84' lang='lat' dir='ltr'>p.</span> <span class='ocrx_word' id='word_1_944' title='bbox 1165 2948 1206 2982; x_wconf 79' lang='lat'>87.</span> <span class='ocrx_word' id='word_1_945' title='bbox 1227 2950 1293 2972; x_wconf 86' lang='lat' dir='ltr'>nota</span> <span class='ocrx_word' id='word_1_946' title='bbox 1314 2948 1348 2978; x_wconf 79' lang='grc' dir='ltr'>ς).</span> 
     </span>
    </p>
   </div>
  </div>
 </body>
</html>
