2318 3603
271 1465 303 1482 10

270 1889 303 1906 20

270 2307 303 2331 30

269 2517 300 2543 35

268 2730 302 2755 40

268 2935 299 2961 43

911 217 1224 252 CHRONICON
1252 217 1560 253 MUTINENSE
1864 223 1946 257 [AA.
1969 224 2165 258 1³⁰5·¹30⁶l

330 346 392 378 pro
415 336 524 367 salute
548 336 664 377 populi
689 335 888 367 mutinensis
912 345 932 365 a
956 334 1099 367 soldatis
1124 334 1254 365 domini
1278 333 1506 372 Marchionis;
1533 335 1591 377 qui
1623 335 1786 366 volebant
1817 340 1898 366 tunc
1923 335 2095 376 expellere
2120 336 2163 367 de

332 389 464 420 civitate
488 389 642 420 Mutinae
666 394 787 430 gentes
811 394 845 420 et
868 388 1020 420 soldatos
1043 387 1172 418 domini
1196 385 1406 418 Marchionis
1433 393 1465 419 et
1499 387 1610 419 eidem
1634 388 1771 419 auferre
1794 387 1981 418 dominium
2005 397 2081 419 cum
2104 397 2166 429 po-

330 441 411 484 pulo
435 441 587 472 Mutinae
612 447 645 473 et
669 451 736 472 non
765 447 949 483 potuerunt
963 442 983 472 ¹.

418 494 582 525 Dominus
604 494 632 524 F
634 494 782 526 ulcerius
806 494 848 526 de
873 493 1027 526 Calbulis
1050 493 1208 525 Potestas
1231 492 1386 524 Mutinae
1409 493 1442 524 in
1466 493 1614 536 M.cccvj
1639 494 1673 525 in
1697 493 1814 535 primis
1836 503 1897 524 sex
1918 492 2090 525 mensibus
2114 494 2166 524 in-

331 547 439 588 ceptis
463 546 499 577 in
523 546 676 578 calendis
699 546 876 578 ianuarii2.
922 547 1055 578 Eodem
1079 556 1169 577 anno
1193 545 1248 577 die
1279 546 1358 588 xxvj
1390 546 1516 577 mensis
1547 546 1692 578 ianuarii
1717 546 1874 577 dominus
1900 545 1978 577 Axo
2009 545 2166 578 Marchio
2192 546 2209 576 5

329 600 470 631 estensis
495 599 604 630 amisit
630 600 816 630 dominium
842 599 988 631 civitatis
1012 598 1168 630 Mutinae
1185 604 1218 629 et
1235 608 1318 640 gens
1333 609 1392 629 sua
1409 598 1550 640 expulsa
1566 599 1630 630 fuit
1654 599 1697 630 de
1722 599 1859 630 civitate
1883 604 1917 630 et
1939 605 2051 630 castro
2075 609 2134 630 suo
2144 598 2166 630 ³.

329 652 373 683 Et
398 652 543 693 populus
565 652 699 683 Mutine
724 663 801 684 cum
825 652 999 684 nobilibus
1011 650 1061 667 ***
1070 651 1092 683 ⁴.
1117 651 1162 683 Et
1184 657 1266 683 tunc
1291 652 1452 693 expulsus
1469 652 1534 683 fuit
1551 652 1710 683 dominus
1726 651 1904 684 Fulcerius
1921 650 2074 683 Potestas
2089 650 2168 683 Mu-

327 705 418 737 tinae
444 715 518 736 cum
544 705 699 737 omnibus
723 705 981 747 stipendiariis⁵.
1028 705 1072 736 Et
1097 704 1151 736 die
1177 704 1263 735 iovis
1285 704 1375 747 xxvij
1402 704 1545 736 ianuarii
1570 705 1679 736 amisit
1703 705 1860 736 dominus
1882 703 2040 735 Marchio
2059 704 2169 736 domi-

329 758 418 789 nium
447 757 598 789 civitatis
622 758 725 801 Regii
751 764 784 790 et
809 758 982 790 districtus
996 756 1017 789 ⁶.
1064 757 1108 789 Et
1132 763 1215 789 tunc
1238 768 1306 799 pax
1328 757 1497 800 generalis
1521 757 1614 789 facta
1638 757 1702 789 fuit
1725 757 1761 788 in
1787 757 1925 789 civitate
1954 755 2110 788 Mutinae
2135 762 2169 789 et

330 821 446 843 omnes
469 810 527 852 qui
551 817 647 842 erant
672 817 768 843 extra
791 811 963 843 civitatem
986 810 1140 842 Mutinae
1163 815 1348 852 potuerunt
1372 810 1486 841 redire
1511 816 1544 842 et
1567 809 1615 841 ibi
1638 820 1848 850 permanere.

418 863 584 894 Dominus
609 864 777 896 Iohannes
794 864 836 896 de
855 864 984 896 Sancto
1001 863 1108 895 Vitali
1125 864 1167 895 de
1184 863 1309 894 Parma
1333 862 1397 894 fuit
1413 862 1571 894 Potestas
1585 862 1741 894 Mutinae
1760 863 1888 904 primus
1904 868 1982 905 post
1998 862 2169 904 expulsio-

330 927 407 948 nem
425 916 578 957 [domini]
595 916 809 949 Marchionis
825 918 860 948 in
877 915 1027 960 M.cccv]’
1047 922 1080 948 et
1096 916 1224 958 incepit
1240 916 1427 948 dominium
1444 925 1541 948 suum
1558 915 1601 948 de
1618 926 1733 947 mense
1751 915 1915 948 februarii
1931 916 1965 947 in
1984 915 2134 947 calendis
2145 913 2168 947 ⁷.

2197 810 2234 840 10

420 1051 441 1068 1.
462 1043 489 1076 a]
511 1044 560 1068 cosi
587 1044 665 1069 Mun.
693 1044 755 1073 Cn:
781 1046 809 1069 et
827 1046 861 1069 A.
882 1058 891 1063 -
911 1045 976 1077 quia
1002 1045 1117 1069 volebat
1135 1044 1212 1069 MUR.
1234 1057 1244 1063 -
1264 1046 1331 1069 tune
1359 1044 1385 1077 [o
1409 1044 1500 1076 cum?]
1528 1045 1542 1069 ὲ
1569 1046 1623 1069 solo
1648 1045 1674 1068 in
1702 1045 1736 1069 A.
1763 1058 1794 1062 —
1821 1050 1845 1069 2.
1870 1044 1978 1068 auferre
2003 1044 2054 1068 cos)
2080 1043 2166 1072 Mun„

337 1088 398 1118 Cr.3
417 1088 498 1112 affere
517 1089 552 1113 A.
572 1102 580 1106 -
600 1089 773 1121 dominium]
793 1090 847 1114 cosi
873 1090 959 1120 Μυκη
987 1091 1047 1118 Cr.;
1075 1089 1221 1114 dominum
1250 1090 1284 1114 Α.
1303 1102 1337 1107 -
1357 1097 1382 1121 4.
1406 1088 1548 1121 Calbulisl
1570 1089 1621 1113 cosi
1648 1090 1728 1113 anche
1756 1089 1811 1117 Cr..
1828 1090 1885 1119 M.;
1905 1087 2022 1112 Cabulis
2043 1088 2121 1112 MUR.
2148 1100 2178 1105 —

333 1135 356 1162 7.
377 1130 424 1146 ***
444 1132 471 1155 la
491 1133 586 1155 lacuna
607 1132 620 1155 ὲ
639 1133 718 1156 anche
738 1133 764 1156 in
788 1133 846 1160 Cr.;
867 1133 954 1161 Μυκη
973 1133 1000 1156 Ia
1019 1133 1131 1163 riempie
1150 1140 1195 1156 con
1215 1132 1341 1156 obtinuit
1365 1133 1409 1156 che
1437 1140 1485 1156 non
1513 1132 1547 1156 d&
1569 1139 1643 1155 senso
1670 1140 1683 1155 ε
1708 1139 1756 1155 non
1775 1132 1807 1155 lta
1832 1132 2000 1161 fondamento
2022 1130 2066 1153 nei
2092 1129 2167 1154 testi:

332 1173 420 1202 forse:
442 1174 471 1196 in
486 1174 570 1197 simul
598 1175 791 1198 convivabant
805 1176 835 1198 di
849 1176 896 1203 M„
911 1183 924 1198 o
940 1175 1055 1198 insimul
1069 1175 1262 1199 convivebant
1280 1175 1310 1198 di
1334 1175 1379 1199 T.?
1397 1188 1430 1192 —
1454 1181 1492 1198 10.
1512 1174 1606 1198 redere
1630 1174 1669 1202 A;
1690 1173 1780 1198 redire
1793 1173 1879 1202 Mum,
1901 1174 1947 1198 Cr.
1966 1185 1999 1191 —
2021 1179 2061 1196 11.
2086 1171 2166 1196 Ioan-

337 1214 422 1238 ninus
442 1215 492 1242 Μ..
519 1216 549 1240 T.
569 1228 585 1247 ·,
601 1216 634 1239 de
653 1215 750 1240 Sancti
770 1217 803 1241 A.
823 1229 855 1234 —
886 1223 923 1240 12.
946 1217 981 1240 D.
1001 1216 1094 1247 Μυκη
1119 1216 1239 1240 Domini
1263 1217 1316 1243 Cr..
1337 1217 1392 1241 M.:
1418 1216 1489 1240 dicti
1515 1217 1544 1241 T.

420 1297 424 1312 ¹
442 1297 482 1322 La
495 1299 597 1322 venuta
609 1298 653 1322 dei
665 1298 811 1331 Bolognesl
823 1306 875 1322 con
890 1300 895 1321 i
908 1298 1054 1322 fuorusciti
1069 1298 1149 1330 guelfi
1165 1298 1221 1322 Μο-

330 1341 423 1365 denesi
445 1340 608 1367 (Buschetti.
628 1341 768 1372 Rangoni,
788 1340 821 1365 da
839 1340 1014 1372 Savignano)
1034 1339 1062 1364 fu
1082 1340 1221 1364 nell’otto-

329 1384 378 1407 bre
399 1388 463 1413 1305
486 1382 530 1413 (cf.
553 1383 615 1407 Chr.
640 1384 740 1410 Parm..
762 1391 787 1416 p.
808 1389 850 1414 02,
872 1383 898 1406 ll.
927 1383 1014 1413 18-24,
1042 1388 1137 1412 20-33:
1159 1382 1220 1407 Chr.

330 2928 342 2939 ¹⁴
356 2927 472 2950 Fulcerii
493 2926 525 2950 de
545 2927 680 2951 Calbollis
699 2929 757 2959 pot.
785 2928 899 2958 Mut.„l.
938 2929 1158 2952 Erroneamente
1183 2927 1222 2959 gli

329 2969 447 2994 Annales
466 2970 587 2995 Foroliv.
601 2970 632 2994 in
647 2970 712 2994 RR.
732 2970 772 2994 II.
794 2970 855 3000 SS„
868 2970 955 3000 XXII,
969 2971 1037 2996 ediz.
1052 2970 1222 2999 Mazzatintl,

1276 1306 1304 1330 p.
1325 1305 1366 1330 59,
1385 1299 1402 1322 l.
1424 1305 1454 1330 3¹
1484 1305 1617 1329 pongono
1640 1298 1665 1322 la
1685 1297 1840 1329 podesteria
1861 1296 1890 1321 di
1909 1297 2026 1320 Folo-‘eri
2046 1296 2071 1321 al
2094 1302 2169 1328 1305,

1365 1339 1375 1355 ³
1394 1340 1430 1364 Su
1449 1341 1536 1371 questi
1558 1339 1631 1369 fatti,
1652 1341 1725 1364 oltre
1744 1340 1784 1364 M.
1803 1347 1818 1364 c
1842 1340 1882 1367 T„
1903 1339 1928 1363 si
1948 1338 2055 1363 vedano
2076 1339 2094 1362 il
2109 1338 2170 1364 chr.

1276 1383 1345 1411 Est„
1366 1388 1416 1413 354
1436 1389 1450 1406 e
1471 1382 1489 1406 il
1516 1383 1576 1406 Chr.
1596 1383 1700 1411 parm„
1720 1390 1747 1415 p.
1772 1388 1815 1413 93,
1841 1381 1870 1405 11.
1892 1380 1988 1412 28-36:
2015 1381 2034 1404 il
2058 1380 2170 1404 castello

1277 2930 1288 2942 ‘⁴
1302 2931 1429 2962 tempore
1447 2930 1596 2961 regiminis
1616 2929 1642 2952 d.
1662 2929 1796 2953 Iohanini
1815 2928 1848 2952 de
1869 2927 1972 2952 Sam-to
1992 2927 2082 2951 vitali
2105 2927 2171 2950 hon.

1281 2971 1294 2984 ‘¹
1302 2973 1362 3003 pot.
1380 2972 1460 2997 civit.
1479 2972 1550 2996 Mut.
1568 2973 1595 2995 et
1615 2970 1640 2994 d.
1662 2970 1748 2995 Mussi
1768 2969 1801 2994 de
1820 2969 1971 2994 Sabadelus
1996 2970 2062 2994 hon.
2088 2970 2172 3002 capit.

331 1426 410 1456 Reg,
430 1425 479 1449 loc,
500 1425 558 1455 cit„
581 1424 625 1450 16:
642 1425 703 1449 Chr.
721 1426 788 1454 Est.,
803 1426 854 1450 loc.
866 1426 924 1455 ενα,
939 1423 1084 1456 352-353);
1098 1425 1223 1448 Raniero
1278 1425 1388 1448 estense
1408 1431 1454 1448 era
1473 1425 1549 1448 stato
1567 1425 1658 1448 eretto
1678 1423 1721 1447 nel
1744 1423 1811 1455 1²98
1830 1430 1924 1455 presso
1944 1423 1970 1446 la
1990 1424 2070 1455 porta
2095 1421 2168 1446 d'Al-
2199 1427 2232 1453 50

330 1466 365 1490 da
384 1467 555 1497 Savignanm
574 1467 624 1490 che
644 1473 690 1490 era
716 1465 745 1489 in
771 1464 839 1490 citt&
858 1474 872 1490 e
891 1473 907 1489 a
927 1468 1006 1498 parte
1026 1465 1068 1489 del
1097 1466 1222 1495 trattato,
1278 1466 1384 1490 bareto.

330 1508 409 1533 tento
429 1508 457 1531 di
476 1508 611 1532 eollevare
630 1508 649 1532 il
669 1509 786 1541 popolo:
805 1516 849 1532 ma
869 1508 887 1531 11
905 1509 982 1531 moto
997 1506 1026 1531 fu
1039 1514 1164 1540 represso
1178 1506 1225 1530 dal
1366 1505 1378 1522 ⁴
1393 1507 1449 1534 Qui
1468 1508 1535 1531 cade
1554 1508 1631 1531 certo
1649 1515 1705 1531 una
1724 1507 1828 1535 lacuna=
1851 1513 1896 1530 ma
1909 1514 1925 1530 a
1939 1506 2017 1537 quale
2036 1505 2110 1529 fatto
2125 1513 2170 1530 ae-

330 1550 455 1583 presidio
476 1552 596 1580 estense,
616 1558 630 1574 e
649 1552 770 1575 Raniero
791 1550 890 1575 rimase
910 1550 1001 1574 ucciso
1021 1549 1065 1573 nel
1078 1548 1223 1573 confiteo:
1277 1551 1398 1573 cennino
1418 1549 1442 1573 le
1462 1550 1556 1582 parole
1575 1550 1764 1580 sopravissute.
1783 1556 1839 1573 non
1860 1547 1874 1573 ὲ
1895 1548 1948 1572 ben
1968 1547 2076 1572 chiaro:
2096 1547 2170 1572 assai

330 1594 354 1617 le
375 1593 469 1626 parole
488 1592 502 1605 “
516 1601 566 1626 pro
587 1594 676 1617 salute
697 1594 791 1626 populi
813 1594 981 1618 mutinensis
994 1612 1006 1623 „
1019 1593 1043 1617 si
1058 1592 1165 1616 devono
1180 1591 1223 1615 in·
1278 1592 1501 1623 probabilmente
1520 1599 1535 1615 a
1561 1591 1650 1623 quella
1675 1598 1848 1615 comunanza
1873 1590 1902 1614 di
1927 1590 2016 1614 libera
2040 1589 2102 1614 vita
2126 1591 2171 1613 tra

331 1635 445 1660 tendere
463 1643 542 1660 come
562 1644 597 1659 un
618 1636 708 1668 elogio
728 1643 777 1667 per
795 1636 928 1665 Raniero,
947 1636 995 1659 che
1015 1632 1086 1658 mori
1100 1634 1223 1658 combat-
1279 1632 1378 1656 “cives
1389 1634 1417 1656 et
1431 1633 1616 1665 populares„
1631 1633 1660 1656 di
1675 1633 1721 1656 cui
1737 1631 1783 1664 piu
1800 1639 1814 1655 a
1828 1632 1912 1664 lungo
1928 1632 2042 1664 parlano
2057 1632 2096 1655 M.
2109 1638 2124 1655 e
2140 1631 2169 1660 T⁴
2199 1641 2229 1666 55

331 1678 416 1702 tendo
439 1684 487 1709 per
507 1679 641 1701 sostrarre
660 1678 685 1701 la
705 1678 795 1710 patria
816 1678 841 1701 al
860 1677 987 1701 dominio
1012 1678 1119 1700 estense
1143 1683 1157 1700 e
1182 1683 1225 1699 re·
1365 1673 1376 1689 ⁵
1396 1675 1449 1699 Dal
1470 1681 1501 1703 29
1521 1675 1644 1706 gennain
1657 1675 1682 1698 al
1700 1673 1727 1698 1⁰
1740 1674 1867 1698 sebbi-aio
1882 1676 1999 1697 tennero
2015 1674 2170 1706 ilgovemo

330 1721 453 1744 staurare
476 1719 493 1743 il
513 1727 637 1751 governo
658 1720 805 1752 populare:
827 1720 896 1752 “qui
912 1720 1044 1744 volebant
1056 1720 1120 1742 tunc
1134 1717 1224 1748 expel-
1278 1717 1348 1741 della
1366 1715 1444 1744 cista,
1465 1724 1481 1741 o
1502 1717 1603 1748 meglio
1623 1717 1723 1741 eblvero
1742 1723 1798 1740 una
1818 1716 1910 1747 specie
1930 1716 1958 1739 di
1973 1713 2043 1739 balia
2057 1722 2072 1738 a
2085 1714 2172 1738 risor-

331 1761 410 1786 “lere
424 1781 434 1789 ,,
455 1770 507 1786 ecc.
528 1769 612 1786 erano
633 1762 641 1786 i
661 1762 806 1786 fuorusc’tz
822 1761 963 1786 modenesi
980 1761 1115 1785 nominati
1131 1767 1224 1792 sopra.
1278 1766 1353 1783 mare
1372 1760 1408 1790 gli
1429 1759 1619 1783 ordinamenti
1640 1760 1669 1783 di
1689 1766 1825 1790 governo,
1844 1759 1957 1790 quattro
1970 1757 2104 1782 cittadini
2117 1764 2171 1781 con

330 1804 392 1827 Una
411 1805 540 1827 versione
565 1803 605 1828 del
627 1805 703 1828 tutto
730 1804 932 1836 indipendente
954 1803 981 1826 di
1002 1802 1092 1833 que-sti
1118 1801 1184 1825 fatti
1210 1799 1224 1825 ὲ
1279 1800 1363 1824 titolo
1382 1801 1410 1824 di
1426 1801 1438 1813 “
1450 1802 1627 1832 potestates„
1645 1802 1650 1822 i
1665 1800 1742 1831 quali
1760 1799 1859 1823 fur-ono
1874 1798 2018 1823 Gherardo
2033 1798 2172 1822 Buzzalini

330 1846 394 1869 data
415 1845 458 1869 dal
486 1846 548 1870 Cir,
572 1847 649 1875 Rea,
669 1847 718 1870 loc.
745 1845 803 1874 cit,
829 1843 901 1870 cosi:
922 1846 934 1859 ⁸
947 1846 986 1869 Eo
1013 1851 1106 1868 mense
1132 1843 1223 1866 Bono·
1279 1849 1326 1874 per
1346 1842 1364 1865 il
1383 1843 1524 1874 quart'ere
1543 1843 1572 1866 di
1594 1844 1676 1875 porta
1697 1842 1838 1871 Albareto‚
1853 1841 1947 1864 Pietro
1962 1840 2032 1864 della
2044 1840 2173 1864 Romana
2200 1841 2235 1865 60

332 1888 344 1901 ⁸
358 1890 465 1912 ruienses
486 1888 640 1912 hahuerunt
661 1890 775 1920 pontem
796 1888 830 1912 de
844 1888 945 1911 Sancto
967 1887 1123 1912 Amba-0³30.
1137 1886 1165 1909 et
1178 1893 1223 1910 ve·
1279 1891 1329 1916 per
1347 1886 1429 1916 porta
1450 1885 1634 1915 Baggiovara,
1663 1884 1824 1915 F'langer'o
1851 1883 1996 1907 Bonamici
2022 1889 2071 1912 per
2090 1882 2172 1914 porta

331 1929 458 1953 “nerunt
480 1931 507 1954 in
528 1930 631 1959 burgos
651 1931 789 1955 Mutinae.
825 1929 998 1953 Mutinenses
1025 1928 1089 1952 dum
1115 1927 1226 1952 exirent
1280 1925 1433 1951 Cittanova
1447 1935 1461 1951 e
1476 1927 1625 1958 Paganello
1639 1927 1710 1958 degli
1727 1927 1807 1951 Oculi
1827 1933 1876 1957 per
1896 1927 1977 1958 porta
1990 1925 2045 1949 San
2066 1926 2172 1949 Pietro.

332 1972 390 1996 “ad
412 1979 510 1995 manus
537 1979 638 1999 secum,
665 1972 803 1996 continuo
831 1971 981 1995 Ra‘nerius
1007 1970 1038 1994 de
1062 1969 1225 2000 Savignano
1279 1969 1358 1993 Nella
1384 1970 1544 1999 Respublica
1564 1969 1724 1993 Mutinensis
1744 1968 1814 1993 (cod.
1830 1967 1984 1993 dell'Anen.
1999 1966 2086 1993 Com..
2099 1975 2121 1991 c.
2138 1966 2172 1996 1)=

332 2014 345 2027 α
355 2015 505 2037 com'tatus
531 2021 643 2037 snorum
672 2013 849 2036 mult'tufflne
874 2013 1006 2036 clamavit
1030 2011 1165 2036 currendo
1191 2010 1225 2034 ad
1279 2012 1292 2024 ⁸
1304 2011 1434 2035 dominos
1445 2013 1583 2043 sap'entes
1595 2014 1715 2035 vetares
1726 2013 1752 2035 ct
1763 2011 1925 2034 defensores
1937 2010 2033 2042 populi
2043 2010 2174 2034 civitatis

331 2056 345 2068 ’ί
356 2056 490 2086 ρεΙΊϊιιηι
503 2056 579 2080 ¹Pax.
595 2055 671 2087 pax’.
699 2055 751 2079 Cu:
767 2055 895 2079 obviavit
909 2054 1104 2078 Manfredtnus
1118 2054 1151 2077 de
1163 2053 1225 2077 Sas—
1281 2053 1294 2066 “
1307 2055 1415 2079 Mu*²ne
1433 2056 1460 2079 et
1479 2055 1628 2078 soc=etatis
1647 2054 1803 2078 beatissimi
1825 2053 1988 2076 Geminiani
2002 2051 2173 2075 confessoris
2200 2052 2232 2084 ⁶5

270 2100 282 2116 2
332 2098 344 2110 ‘⁴
355 2097 415 2120 s··lo
434 2104 493 2120 cum
517 2097 583 2121 suis.
604 2099 631 2120 et
644 2104 692 2120 eos
706 2097 906 2120 converterunt
921 2097 947 2118 in
963 2095 1067 2125 fugam,
1080 2096 1106 2119 et
1120 2095 1225 2118 d‘ctum
1281 2096 1293 2109 ‘⁴
1304 2097 1435 2121 videlicet
1453 2096 1476 2120 d.
1498 2096 1685 2120 Gerar-'Unum
1701 2096 1733 2119 d2.
1758 2095 1909 2127 Bogal‘nis,
1923 2094 1950 2118 d.
1963 2093 2173 2125 Phylingorium

331 2138 343 2151 ‘¹
357 2139 520 2162 Rainei-iurn
534 2139 709 2163 occideruntz
723 2141 750 2162 et
763 2140 838 2170 capt*
854 2139 920 2162 sunt
935 2145 981 2169 per
991 2137 1137 2161 dominum
1153 2137 1226 2161 Mar·
1282 2136 1296 2150 ‘¹
1307 2139 1339 2161 de
1361 2139 1531 2162 Bonamicis.
1557 2138 1581 2161 d.
1610 2138 1791 2169 Paganellum
1819 2137 1851 2160 de
1877 2136 1984 2166 Oculis,
2003 2135 2028 2159 d.
2056 2135 2170 2159 Petrum

331 2181 481 2204 “clitonem
502 2181 646 2204 Estensem
666 2188 762 2204 omnes
781 2180 814 2203 de
833 2180 1003 2211 Savignano.
1024 2180 1146 2209 except²s
1159 2185 1226 2210 qua·
1281 2178 1293 2191 ‘¹
1306 2180 1338 2203 de
1357 2180 1483 2204 Romana
1498 2198 1509 2209 „
1535 2180 1696 2204 deliber-ano
1725 2180 1775 2203 che
1803 2179 1832 2203 la
1853 2178 1978 2203 “civ:tas
2006 2178 2117 2202 Mutine
2145 2178 2174 2202 et

331 2222 429 2249 “tuor,
454 2222 501 2253 qui
522 2224 670 2246 evaserunt
697 2223 864 2249 Bononiam,
892 2223 919 2246 et
938 2228 966 2245 se
988 2221 1138 2244 iunxerunt
1163 2227 1225 2243 cum
1281 2222 1363 2245 “eius
1383 2222 1533 2246 districtus
1554 2223 1653 2246 habeat
1673 2222 1841 2253 potestatem
1861 2221 1888 2243 et
1901 2220 2076 2252 capitaneum
2092 2220 2121 2244 et
2133 2226 2174 2243 re-

331 2264 514 2288 “Guidinello
533 2264 567 2288 de
587 2264 790 2293 Monteeuculo,
810 2266 837 2288 et
857 2263 1025 2288 rebellarunt
1038 2263 1114 2292 quasi
1129 2263 1226 2286 omnia
1281 2264 1386 2295 “gatur
1403 2267 1431 2289 et
1451 2265 1621 2289 defendatur
1641 2271 1688 2295 per
1708 2265 1889 2296 capitaneum
1907 2265 1934 2286 et
1955 2262 2086 2294 populum
2112 2262 2174 2286 Mu·
2201 2267 2235 2292 70

331 2305 468 2330 “castella
489 2305 642 2337 Fregnaniz
664 2308 691 2328 et
710 2305 789 2329 Plebs
809 2305 841 2328 de
863 2305 975 2333 Trebio,
989 2304 1017 2328 et
1038 2302 1184 2329 Brandula,
1197 2307 1225 2327 et
1282 2303 1295 2316 “
1306 2306 1364 2328 tine
1383 2308 1410 2329 et
1424 2305 1497 2337 quod
1514 2305 1590 2330 dicta
1608 2306 1712 2329 civitas
1724 2306 1753 2328 et
1765 2304 1911 2328 districtus
1926 2310 2066 2334 nunquam
2082 2303 2174 2334 possit

331 2346 344 2359 α
355 2346 525 2374 Nommtffla,
538 2348 565 2370 ct
579 2347 654 2377 quasi
670 2347 766 2370 omnia
780 2346 891 2370 castella
906 2345 1076 2370 Mutinensis
1090 2344 1225 2368 dioecesis
1280 2345 1292 2357 ‘¹
1305 2346 1405 2371 habere
1425 2347 1544 2377 aliquem
1570 2348 1655 2370 cieem
1675 2345 1719 2369 vel
1740 2345 1881 2369 forensem
1909 2345 1954 2376 qui
1982 2344 2014 2368 ut
2042 2344 2172 2368 dommus

331 2387 421 2412 “sunt
441 2388 570 2412 rebellata
592 2388 748 2411 'warch'onl
765 2405 784 2415 ,,.
1280 2387 1292 2399 “
1306 2388 1348 2411 vel
1369 2387 1415 2418 qui
1438 2389 1539 2412 habeat
1560 2387 1718 2412 dominium
1739 2387 1870 2410 civitatis
1896 2385 2005 2409 Mutine
2024 2386 2051 2409 et
2076 2385 2173 2409 distri-

419 2427 429 2444 ‘2
452 2429 493 2452 Ad
513 2430 666 2453 asseurare
686 2429 703 2452 il
724 2429 861 2457 dominio,
882 2429 956 2459 dopo
977 2428 995 2452 il
1016 2430 1092 2452 moto
1118 2427 1224 2451 dell’ot-
1279 2430 1401 2455 “ctusn
1421 2437 1436 2454 e
1455 2429 1505 2453 che
1527 2430 1579 2453 “in
1601 2429 1675 2453 dicta
1703 2429 1822 2452 clvitate
1851 2428 1959 2451 Mutine
1986 2429 2014 2452 et
2041 2428 2173 2451 districtu

330 2470 409 2494 tobi-e
433 2477 508 2500 ¹303·
527 2478 572 2494 era
592 2477 706 2494 aecor-so
727 2471 776 2494 sub
790 2472 819 2494 to
842 2473 868 2494 in
891 2470 1009 2494 Modena
1028 2471 1100 2494 Azzo
1115 2469 1179 2492 VIII
1195 2469 1223 2492 in
1280 2471 1359 2495 “non
1380 2472 1419 2496 sit
1439 2478 1494 2494 non
1515 2478 1572 2495 esse
1592 2471 1693 2495 debeat
1715 2470 1810 2502 aliquo
1830 2471 1956 2499 tempore
1986 2476 2050 2501 pars
2079 2468 2172 2500 aliqua
2202 2473 2232 2500 75

330 2519 465 2543 persona:
487 2512 506 2535 ss
526 2513 605 2543 quale
625 2512 651 2535 vi
671 2511 759 2536 lasci&
779 2513 864 2536 allora
886 2520 932 2544 pel·
947 2512 1094 2536 “vivarius
1107 2513 1134 2535 et
1147 2511 1223 2543 capi·
1280 2514 1352 2537 “nec
1373 2521 1437 2546 pars
1455 2513 1547 2545 aliqua
1569 2513 1771 2537 nominuri‚,.,
1791 2511 1846 2535 nisi
1868 2511 2003 2543 popqum
2032 2511 2174 2534 mutinen-

332 2552 344 2565 “
358 2554 458 2577 ‘canens
477 2554 638 2584 generalia„
662 2554 677 2576 il
697 2561 746 2577 suo
767 2556 884 2585 parente
904 2553 1025 2578 Rinaldo
1044 2553 1073 2576 di
1088 2553 1221 2577 Marcuria
1280 2555 1358 2579 “sem
1374 2564 1400 2585 ης
1422 2556 1445 2578 le
1464 2555 1542 2586 quali
1563 2554 1765 2578 deliberazionl
1794 2553 1900 2576 turono
1927 2552 2100 2576 consen-mute
2127 2551 2173 2576 dal

331 2593 406 2624 (Csm
428 2595 497 2624 Est„
517 2600 575 2626 354·
598 2602 689 2618 nuova
703 2596 753 2622 ed..
769 2603 794 2625 p-
808 2595 849 2620 62.
865 2595 924 2625 ²³)=
937 2594 981 2619 cib
996 2602 1052 2618 non
1067 2595 1178 2618 estante
1194 2594 1224 2618 fu
1279 2597 1428 2628 Consiglio
1448 2596 1491 2620 del
1510 2603 1563 2628 400
1591 2595 1612 2619 il
1638 2602 1652 2619 ι
1672 2595 1809 2619 febbraio.
1847 2595 1889 2618 La
1915 2593 2033 2618 risorma
2058 2594 2093 2618 da
2118 2593 2175 2618 essi

331 2636 504 2667 prox-vedum
516 2635 602 2659 anche
614 2636 666 2659 alla
677 2637 879 2660 rinnovazione
892 2636 1035 2660 ordinaria
1047 2635 1089 2659 del
1101 2632 1224 2667 podestzi,
1277 2638 1455 2670 promulgata
1475 2636 1489 2662 ‘e
1509 2639 1624 2669 esposta
1646 2639 1673 2660 Tn
1695 2637 1770 2666 Tm„
1792 2637 1880 2665 Mem„
1902 2635 1938 2665 ΙΙ,
1962 2641 2009 2666 155
2030 2642 2089 2667 sgg.

330 2683 344 2700 e
363 2683 379 2700 a
397 2678 498 2707 questo
518 2676 612 2700 ufficio
632 2676 662 2700 fu
681 2677 818 2700 chiamato
833 2678 913 2709 peril
929 2678 1018 2709 primo
1032 2680 1162 2701 semestre
1180 2676 1224 2700 del
1367 2677 1378 2694 ⁶
1400 2679 1461 2704 Chr,
1483 2680 1551 2711 Reg,
1574 2681 1600 2703 in
1621 2679 1685 2703 RR.
1705 2678 1744 2702 ΙΙ.
1765 2677 1826 2707 SS.,
1845 2677 1948 2702 XVIII,
1970 2682 2010 2708 17.
2199 2678 2234 2703 80

334 2718 398 2749 ¹305
425 2719 487 2748 quel
501 2719 584 2742 tristo
605 2720 760 2742 strumento
781 2719 810 2743 di
823 2719 965 2743 t‘rannide
979 2719 1030 2743 che
1044 2726 1090 2742 era
1106 2718 1224 2742 Folcieri
1364 2719 1375 2736 ⁷
1394 2720 1415 2744 Il
1436 2728 1531 2745 nuovo
1550 2718 1673 2753 podesti,
1693 2719 1765 2751 dopo
1784 2720 1810 2743 la
1829 2719 1948 2742 caeclata
1967 2718 2041 2750 degli
2060 2718 2172 2742 officiali

330 2759 363 2782 da
379 2759 488 2784 Calboli
505 2759 551 2790 (cs.
575 2762 688 2789 DANTE,
707 2761 806 2792 purg„
826 2761 900 2787 le,
916 2760 1025 2792 58-(16):
1040 2761 1065 2784 la
1077 2767 1125 2784 sua
1141 2759 1223 2792 pode-
1277 2763 1392 2791 estensi,
1413 2762 1443 2786 fu
1462 2763 1545 2786 scelto
1566 2762 1637 2786 nella
1657 2768 1776 2794 persona
1789 2760 1814 2784 d}
1829 2767 1865 2784 un
1880 2761 1996 2791 pai-ente
2009 2759 2035 2784 dv
2053 2759 2172 2784 Giberto

329 2802 415 2825 steria
428 2800 497 2825 duro
512 2809 590 2832 poen,
606 2809 656 2833 pur·
671 2800 684 2824 ὲ
699 2803 829 2825 attestata
844 2803 917 2833 dagli
933 2803 984 2826 asti
997 2801 1117 2834 pubblici
1130 2800 1222 2831 (Mem.
1278 2805 1311 2828 da
1321 2803 1476 2835 Cor-reggio
1486 2804 1600 2835 signore
1608 2803 1634 2827 di
1648 2803 1812 2831 Parma,che
1819 2803 1897 2826 tanta
1906 2803 2080 2834 parteaveva
2087 2803 2173 2826 avuta.

332 2842 407 2874 1306,
428 2843 481 2866 VOl·
501 2843 522 2871 Ῑ»
543 2850 589 2865 ¹¹¹¹·
610 2843 669 2873 708,
689 2844 749 2873 728,
764 2846 841 2868 5οῒἲο
861 2844 885 2867 le
905 2844 966 2867 date
983 2851 1014 2868 10
1027 2851 1041 2867 e
1058 2851 1088 2871 2⁴
1101 2843 1223 2874 germaio
1276 2846 1321 2869 nel
1342 2852 1529 2876 promuovere
1547 2845 1634 2876 quella
1653 2845 1790 2869 eaeciata:
1812 2844 1838 2867 la
1856 2850 1903 2868 sua
1924 2842 2110 2874 podestertae
2123 2843 2172 2868 do-

328 2883 342 2908 ὲ
357 2885 499 2909 ricordato
515 2884 528 2896 “
541 2886 575 2910 D.
589 2885 727 2909 Soanente
742 2886 774 2909 de
793 2886 895 2910 Pesaro
917 2887 1001 2910 iudex
1020 2888 1046 2909 et
1061 2892 1182 2909 assessor
1196 2885 1221 2909 d.
1275 2890 1432 2912 curnentata
1444 2895 1492 2918 per
1506 2889 1604 2918 questo
1618 2888 1750 2911 semestre
1764 2886 1854 2915 (blena.
1870 2884 1944 2917 1305,
1959 2887 2013 2909 vol.
2028 2886 2048 2911 Ι,
2063 2893 2090 2909 n.
2104 2885 2171 2911 8;8:
2200 2889 2230 2921 85
