2318 3603
138 715 229 735 asab

154 1345 229 1365 .40a

268 1875 301 1892 10

266 2336 299 2353 20

265 2528 295 2553 ²5

263 2741 296 2766 30

915 270 1228 307 CHRONICON
1257 271 1563 308 MUTINENSE
1987 278 2036 312 [Α.
2059 280 2151 312 1³21]

321 341 2148 354 ...........................................................................................................................................................................................................

323 389 494 420 mensibus
525 388 672 430 inceptis
704 389 773 429 [die
805 391 886 433 xxiij
911 391 1035 422 mensis
1071 391 1247 432 februarii]
1261 391 1279 423 ¹.
1311 392 1414 423 Dicto
1446 398 1599 435 tempore
1626 394 1659 425 in
1685 394 1774 425 festo
1805 399 1943 425 sanctae
1967 394 2151 426 Catarinae

321 441 375 472 vel
399 441 493 472 circa
524 447 644 482 captus
675 442 741 473 fuit
773 443 932 475 dominus
955 444 1158 475 Franciscus
1182 445 1225 476 de
1249 444 1447 476 Mirandula
1478 446 1581 487 [cum]
1613 446 1746 478 duobus
1769 447 1846 478 filiis
1873 447 1943 478 suis
1965 446 2153 479 Prendein-

317 498 414 534 parte
439 500 472 524 et
495 493 694 531 Tomasino,
720 496 881 527 mandato
906 496 1036 528 domini
1067 496 1246 535 passarini,
1278 502 1312 528 et
1336 497 1429 529 ducti
1455 498 1500 529 ad
1532 509 1706 530 carcerem
1734 499 1779 531 ad
1810 499 1982 541 quoddam
2006 506 2152 531 castrum

319 545 493 576 districtus
523 546 685 578 Mantuae
710 547 849 579 fuerunt
874 553 908 580 et
930 549 963 579 in
989 558 1029 580 eo
1055 549 1184 580 detenti
1207 559 1313 590 usque
1337 550 1381 581 ad
1404 556 1556 588 mortem,
1581 561 1667 593 quae
1691 551 1768 589 fuit,
1791 551 1839 582 uti
1865 551 1998 589 dicitur,
2022 551 2076 583 die
2101 562 2153 583 se-

319 598 437 639 quenti
463 599 655 630 dominicae
679 600 853 631 Olivarum
867 600 888 632 ².
935 601 979 632 Et
1001 606 1081 632 tunc
1107 602 1199 643 capti
1223 602 1361 633 fuerunt
1384 602 1434 634 illi
1460 603 1502 634 de
1527 603 1738 635 Tosabechis
1761 609 1795 635 et
1819 604 2015 635 tormentati
2039 610 2071 635 et
2096 604 2154 636 diu

320 650 458 688 detenti,
483 651 630 683 finaliter
653 652 829 684 exiverunt
854 659 888 684 et
912 653 1185 694 expendiderunt
1201 654 1256 696 xij.
1281 654 1391 686 millia
1414 655 1577 687 librarum
1599 656 1764 688 Mutinae.
1811 656 1939 697 Captus
1962 656 2026 688 fuit
2051 656 2153 688 etiam

322 708 403 733 tunc
430 703 542 735 Guido
559 705 601 735 de
621 703 811 741 Querceto'
836 706 988 737 notarius
1011 712 1044 737 et
1069 706 1142 738 dire
1168 707 1349 745 cruciatus,
1367 708 1504 739 tandem
1528 708 1633 740 exivit
1656 710 1905 741 condemnatus
1928 709 1964 740 in
1988 718 2025 740 M.
2050 709 2153 740 libra-

323 766 396 786 rum
412 756 567 787 Mutinae
592 763 649 788 aut
674 757 706 788 in
731 758 844 799 capite
857 758 879 790 ³.
926 759 1028 790 Dicto
1053 764 1205 800 tempore
1230 760 1273 791 de
1293 770 1406 791 mense
1430 760 1504 791 iulii
1528 761 1682 793 Romeus
1699 762 1742 793 de
1759 761 1897 802 Pepulis
1914 772 1991 793 cum
2011 762 2078 793 suis
2101 772 2153 793 se-

321 808 485 849 quacibus
508 809 573 840 fuit
596 810 756 850 expulsus
774 810 815 842 de
833 811 972 842 civitate
997 811 1172 843 Bononiae
1186 811 1207 843 ⁴.
1253 812 1356 844 Dicto
1381 822 1471 844 anno
1488 819 1521 845 et
1538 819 1692 855 tempore
1708 814 1759 846 illi
1780 814 1822 846 de
1847 813 2080 857 Savi[g]nano‚
2098 814 2155 856 qui

323 865 418 891 erant
442 866 537 891 extra
560 862 726 900 Mutinae,
752 864 1050 895 concordaverunt
1074 874 1110 895 se
1134 874 1211 895 cum
1229 864 1367 896 domino
1382 864 1564 897 Passarino
1581 871 1614 897 et
1630 872 1798 898 venerunt
1815 867 1883 908 [ad]
1900 867 2061 898 mandata
2077 865 2155 898 Mu-

322 911 412 943 tinae
427 912 447 944 ⁵.
494 913 596 945 Dicto
621 920 772 956 tempore
796 916 908 958 xxviiij
936 916 1007 947 iulii
1031 916 1123 947 iuxta
1147 916 1295 948 mediam
1320 917 1461 949 terciam
1485 918 1551 949 fuit
1575 918 1720 960 eclipsis,
1744 919 1804 950 secl
1828 930 1896 951 non
1920 929 2053 961 magna.

408 965 575 997 Dominus
598 967 790 999 Boschinus
814 969 856 1000 de
880 968 1109 1012 Mantegaciis
1133 970 1176 1001 de
1200 969 1399 1002 Mediolano
1426 970 1492 1002 fuit
1520 971 1676 1003 Potestas
1706 971 1863 1003 Mutinae
1892 972 1950 1013 [in]
1981 972 2155 1016 M.cccxxj

321 1027 385 1058 per
399 1018 483 1049 alios
500 1029 559 1050 sex
575 1029 706 1052 menses
722 1020 877 1062 inceptos
895 1021 940 1061 [in
957 1022 1107 1053 calendis
1124 1022 1249 1054 mensis
1264 1023 1411 1065 augusti]
1423 1022 1445 1055 ὅ.
1480 1023 1585 1055 Dicto
1602 1029 1753 1065 tempore
1770 1024 1928 1056 dominus
1943 1020 2158 1056 Raimondus

323 1069 366 1100 de
384 1069 544 1102 Cardona
569 1082 645 1103 cum
662 1083 730 1104 uno
747 1074 861 1115 legato
878 1073 993 1115 Papae
1011 1074 1171 1106 Iohannis
1187 1075 1280 1107 venit
1297 1081 1417 1107 contra
1434 1075 1606 1107 dominum
1623 1076 1776 1108 Mafeum
1794 1077 1837 1108 de
1853 1077 2036 1109 Vescontis
2055 1076 2157 1118 Capi-

324 1126 460 1154 taneum
484 1123 682 1157 Mediolani.
729 1125 830 1157 Dicto
854 1132 1008 1168 tempore
1035 1126 1101 1158 lata
1125 1127 1191 1159 fuit
1215 1128 1391 1160 sentencia
1407 1139 1470 1170 per
1486 1128 1597 1169 ipsum
1622 1129 1794 1160 dominum
1810 1129 1939 1171 Papam
1959 1135 2078 1161 contra
2096 1130 2156 1161 do-

323 1174 452 1206 minum
478 1175 702 1217 Capitaneum
726 1178 925 1216 Mediolani,
951 1179 984 1209 in
1002 1190 1069 1221 qua
1085 1179 1157 1221 ipse
1175 1186 1208 1211 et
1225 1180 1284 1211 filii
1300 1180 1516 1222 pronunciati
1533 1181 1670 1212 fuerunt
1687 1181 1805 1213 eretici
1817 1180 1838 1213 ⁷.
1884 1182 1986 1213 Dicto
2003 1188 2158 1223 tempore

327 1227 405 1258 data
430 1228 492 1259 fuit
517 1230 691 1260 sentencia
714 1241 777 1271 per
800 1231 908 1272 ipsum
927 1232 1102 1263 dominum
1118 1231 1248 1273 Papam
1266 1238 1385 1265 contra
1401 1233 1640 1266 Marchionem
1658 1240 1828 1266 tenentem
1846 1233 2021 1266 Ferariam
2040 1241 2160 1266 contra

324 1280 524 1319 Ecclesiam,
549 1282 582 1312 in
608 1294 673 1324 qua
697 1285 942 1325 pronunciatus
966 1285 1030 1316 fuit
1054 1285 1201 1317 ereticus
1214 1284 1235 1317 ⁸.
1281 1285 1386 1318 Dicto
1409 1291 1565 1328 tempore
1583 1287 1711 1318 factum
1736 1287 1800 1318 fuit
1817 1287 1970 1330 ‚cironum
1987 1287 2022 1318 in
2047 1293 2159 1319 castro

323 1333 460 1364 Marani
485 1334 528 1365 de
553 1334 720 1377 Campilio
738 1335 768 1368 ⁹.'
813 1336 916 1369 Dicto
943 1343 1097 1379 tempore
1122 1337 1323 1370 Guidinelus
1347 1339 1389 1371 de
1413 1338 1533 1370 Monte
1558 1338 1689 1371 Cuculo
1713 1349 1748 1371 se
1771 1339 1948 1371 revellavit
1971 1345 2005 1371 et
2028 1339 2162 1382 accepit

414 1493 458 1517 1·8
476 1495 564 1519 Dicto
584 1498 767 1529 tempore....
789 1498 818 1521 in
838 1498 930 1530 capite
950 1506 997 1522 om.
1017 1499 1094 1523 MUR.
1113 1512 1145 1516 —
1166 1506 1189 1523 2.
1209 1506 1271 1523 cum
1291 1508 1338 1524 om.
1359 1501 1438 1524 anche
1458 1500 1503 1524 Cr.
1525 1512 1556 1517 -
1576 1508 1601 1532 4.
1621 1509 1637 1524 a
1657 1500 1770 1524 ruerunt
1789 1509 1870 1533 segue
1890 1501 1916 1524 in
1936 1500 1968 1524 A.
1994 1509 2027 1524 τινι
2049 1503 2158 1532 gruppo

323 1535 353 1558 di
370 1537 466 1559 lettere
484 1537 592 1569 difficile
611 1547 626 1562 α
647 1540 783 1571 leggersi:
803 1540 896 1564 enent‘
916 1540 1048 1564 detentiti
1068 1548 1167 1572 usque;
1190 1542 1235 1566 Cr.
1255 1542 1396 1572 riproduce
1413 1543 1467 1566 solo
1487 1541 1596 1565 detenti
1615 1554 1624 1559 —
1645 1544 1675 1566 ut
1697 1543 1742 1567 Cr.
1762 1555 1793 1559 —
1815 1548 1838 1573 5.
1858 1542 2002 1566 dominica
2021 1542 2063 1572 A„
2086 1543 2131 1567 Cr.
2151 1553 2161 1560 ·

323 1577 383 1608 diu!
405 1577 465 1602 dire
485 1579 531 1603 Cr.
552 1592 583 1596 —
603 1579 628 1604 6.
647 1581 777 1605 exierunt
798 1583 843 1606 Cr.
863 1594 873 1599 -
892 1582 1112 1613 espandiderunt
1132 1582 1164 1606 Α.
1185 1596 1194 1600 -
1218 1585 1269 1607 :2¹²²
1288 1583 1341 1607 lire
1368 1585 1430 1616 xijm
1451 1584 1586 1607 librarum
1606 1584 1648 1612 A„
1668 1584 1733 1608 dove
1753 1585 1781 1608 la
1796 1585 1889 1614 prima
1908 1585 1981 1617 ctjfru
2001 1590 2032 1608 12
2058 1584 2161 1608 sembra

326 1623 443 1643 corretta
463 1621 492 1644 di
509 1630 538 1645 su
557 1630 589 1644 un
604 1623 747 1652 primitivo
770 1630 812 1651 1o;
833 1624 872 1647 M.
893 1633 906 1647 e
925 1623 1086 1648 Pmscmuo
1102 1626 1219 1655 parlano
1239 1625 1268 1648 di
1284 1627 1337 1649 sole
1355 1631 1377 1655 5
1395 1626 1473 1651 mila:
1494 1634 1535 1649 ma
1553 1626 1689 1657 expendit
1703 1626 1789 1650 libras
1809 1626 1957 1650 duodecim
1977 1626 2070 1650 mima
2088 1627 2121 1650 ha
2140 1626 2163 1650 il

333 1661 369 1689 T..
384 1662 407 1684 il
423 1664 500 1692 quale
513 1664 664 1695 soggiunge
679 1666 723 1688 che
737 1665 786 1695 pit)
806 1666 881 1689 tardi
899 1666 921 1690 il
940 1667 1136 1699 Tosabecclzific
1156 1668 1317 1691 condannato
1337 1667 1363 1690 in
1383 1667 1469 1691 libras
1489 1668 1612 1699 quinque
1625 1668 1717 1692 millia
1739 1681 1770 1685 »-
1791 1674 1814 1700 7.
1834 1667 1955 1692 Curceto
1975 1668 2022 1697 A.;
2042 1667 2161 1692 Careeto

329 1703 389 1731 Cr.;
410 1701 549 1730 Querceto
576 1706 620 1736 T.3
639 1705 780 1731 Guerzeto
801 1707 962 1732 Piuscmuo
983 1721 1014 1725 —
1035 1707 1088 1739 7-8.
1108 1708 1190 1732 libris
1211 1709 1255 1733 Cr.
1275 1722 1307 1727 —
1330 1715 1370 1733 10.
1390 1709 1531 1733 Mutinam
1552 1709 1638 1738 Μυκη
1660 1711 1721 1734 Cr.:
1742 1718 1783 1734 ma
1803 1711 1868 1734 data
1887 1711 1915 1734 la
1929 1710 2039 1734 sintassi
2050 1710 2161 1741 volgare

327 1748 369 1768 sta
389 1746 450 1768 bene
470 1747 548 1770 anche
568 1747 591 1770 il
604 1748 729 1779 genitivo
749 1749 778 1772 di
795 1749 828 1773 A.
847 1762 857 1767 -
878 1750 1122 1774 concordaverunt
1141 1751 1167 1773 in
1186 1751 1219 1774 A.
1238 1751 1251 1774 ὲ
1270 1751 1363 1775 scritto
1382 1759 1410 1774 su
1429 1751 1591 1775 celaverunt
1610 1753 1757 1776 cancellato
1777 1764 1785 1769 —
1805 1751 1840 1775 ad
1859 1752 1872 1775 ὲ
1891 1752 1918 1775 in
1938 1751 2014 1775 MUR.
2035 1759 2048 1775 e
2069 1751 2113 1776 Cr.
2128 1763 2160 1767 —-

329 1792 367 1810 12.
383 1787 559 1820 Montegacis
579 1789 626 1817 ΑΛ
642 1790 825 1822 Mantegatiis
846 1791 931 1819 Μυκη
948 1792 1001 1821 Cr.,
1023 1793 1062 1815 M.
1079 1805 1110 1809 —
1127 1799 1166 1823 14.
1180 1792 1213 1816 de
1232 1793 1367 1825 Aragona
1385 1793 1426 1823 A„
1440 1793 1525 1822 MUR.⁷
1547 1794 1591 1818 Cr.
1605 1806 1638 1811 —
1655 1801 1741 1826 14-15.
1761 1792 1949 1826 Capetanium
1967 1793 1998 1817 Α.
2014 1805 2045 1810 -
2068 1791 2107 1816 18.
2120 1792 2161 1825 gi-

326 1835 427 1852 ronum
446 1830 476 1853 in
497 1832 616 1855 castrum
637 1832 686 1860 A.,-
706 1841 747 1856 ma
767 1834 794 1856 Ια
813 1841 831 1865 g
851 1834 959 1858 iniziale
981 1834 994 1857 ὲ
1013 1834 1156 1866 νηαηζίεςία
1176 1835 1324 1859 correzione
1343 1835 1373 1859 di
1390 1842 1423 1859 uu
1436 1842 1458 1866 c,
1480 1835 1518 1859 cit)
1532 1837 1576 1859 che
1590 1836 1644 1866 pub
1659 1844 1730 1860 esser
1743 1837 1814 1860 altro
1834 1835 1930 1859 n'ndizio
1949 1836 1993 1859 che
2006 1835 2162 1867 l’orzgrinale

329 1878 413 1894 usa-va
433 1878 447 1905 ς
466 1879 514 1903 per
534 1880 548 1896 z
570 1886 600 1889 —
624 1880 663 1906 ¹9·
683 1873 866 1899 Guidinellus
885 1875 971 1905 Mun..
993 1876 1038 1901 Cr.

417 1951 424 1966 ¹
446 1952 489 1976 Cf.
511 1955 577 1977 nota
597 1953 613 1977 6
633 1954 707 1978 della
727 1962 752 1986 p.
773 1954 814 1985 85.

415 1992 425 2008 ²
445 1993 485 2017 La
506 1997 613 2019 cattura
628 1996 670 2019 dei
686 1996 753 2019 Pico
768 1997 881 2020 sarebbe
895 1997 928 2020 da
943 2005 1024 2029 porre
1039 1998 1166 2029 adunque
1180 1999 1220 2021 in—

328 2038 412 2059 torno
434 2036 489 2060 alla
510 2038 581 2061 festa
601 2038 628 2061 di
650 2040 729 2062 santa
750 2038 897 2067 Caterina;
918 2046 962 2063 ma
984 2041 1080 2070 questa
1106 2041 1172 2064 cade
1198 2040 1217 2064 il

329 2085 360 2109 25
384 2079 569 2107 novembre,e
590 2080 616 2103 la
636 2082 744 2104 cattura
769 2081 797 2104 fu
824 2089 906 2105 senza
933 2081 1037 2105 dubbio
1064 2083 1107 2105 nei
1135 2083 1218 2114 primi

330 2121 395 2143 mesi
417 2120 460 2143 del
484 2127 557 2153 1321,
579 2120 677 2153 perche
698 2123 842 2146 morirono
866 2130 936 2154 poco
962 2125 1056 2154 tempo
1083 2124 1167 2155 dopo,
1194 2124 1219 2148 la

328 2163 474 2186 domenica
485 2163 557 2187 delle
568 2164 670 2191 Palme,
680 2164 728 2188 che
741 2166 769 2188 in
781 2165 942 2196 quell'anno
954 2166 1038 2189 cadde
1051 2166 1070 2189 il
1082 2173 1110 2189 12
1123 2166 1218 2198 aprile.

328 2203 351 2227 11
372 2203 491 2228 Morano
506 2212 578 2236 pone
598 2205 654 2228 tale
674 2208 782 2230 cattura
803 2206 828 2230 al
850 2213 884 2230 2ο
903 2208 1065 2235 novembre3
1086 2215 1129 2231 ma
1149 2205 1163 2231 ὲ
1183 2215 1217 2231 un

329 2252 428 2269 errore.
449 2246 553 2270 Antica
568 2248 614 2278 poi
631 2245 645 2271 *e
660 2247 685 2270 la
701 2249 891 2272 controversia
906 2249 979 2272 circa
994 2249 1020 2272 la
1035 2246 1153 2272 localita
1168 2256 1220 2273 ove

331 2288 339 2311 i
354 2288 420 2311 Pico
442 2288 542 2312 furono
557 2290 637 2312 tratti
653 2297 667 2313 a
682 2291 783 2313 morire
797 2291 824 2313 di
842 2291 913 2314 fame
927 2290 972 2321 (cf.
988 2291 1099 2319 TIRAB„
1114 2291 1186 2320 Dia,
1200 2291 1219 2319 Ι,

333 2328 390 2361 169,
412 2332 478 2353 nota
493 2331 519 2353 di
541 2329 571 2354 L.
592 2330 617 2355 S.
632 2330 770 2360 Parenti):
791 2340 835 2356 ma
849 2334 923 2356 omai
939 2334 961 2356 si
976 2331 1032 2364 puo
1047 2334 1165 2356 ritenere
1179 2340 1220 2357 ac-

331 2373 436 2395 certato
449 2372 497 2395 che
512 2372 541 2396 su
555 2371 576 2395 il
598 2372 754 2397 Castellaro
775 2374 818 2397 del
839 2373 1013 2398 Mantovano
1028 2375 1073 2404 (cf.
1089 2373 1219 2403 GAzATA‚

335 2413 395 2437 Chr.
416 2421 484 2445 reg.,
506 2415 533 2437 in
550 2415 614 2438 RR.
630 2415 667 2438 ll.
684 2415 741 2445 SS,
756 2415 856 2443 XVIII,
871 2416 923 2447 32).
939 2416 1012 2440 nella
1033 2417 1075 2440 cui
1091 2417 1166 2440 torre
1181 2416 1220 2440 su-

332 2463 401 2479 rono
423 2456 466 2479 nel
490 2455 550 2487 1851
571 2457 713 2480 rinvenuti
735 2457 773 2488 gli
795 2457 923 2481 scheletri
945 2466 959 2482 e
979 2459 986 2482 i
1009 2459 1089 2489 ceppi
1109 2459 1152 2482 dei
1167 2460 1220 2490 pri-

328 2497 449 2528 gionieri
472 2497 516 2521 del
536 2503 608 2528 1321,
628 2505 642 2521 e
662 2498 747 2529 quelli
770 2499 834 2522 altri
857 2500 899 2523 dei
927 2501 968 2523 tre
993 2499 1142 2523 Bonacolsi
1171 2500 1220 2524 sat-

327 2539 381 2562 tivi
403 2540 504 2562 morire
525 2539 569 2562 nel
592 2538 659 2571 1328
679 2540 712 2564 da
731 2539 836 2564 Nicolo
857 2541 925 2565 Pico
946 2548 994 2573 per
1018 2542 1152 2566 vendetta
1172 2541 1219 2573 (cf.

328 2580 358 2604 C.
373 2580 500 2611 D'ARCO,
518 2582 663 2605 Relazione
677 2583 779 2606 intorno
793 2583 998 2608 all’istituzione
1011 2584 1057 2607 del
1062 2583 1157 2614 patrio
1171 2592 1220 2607 mu-

327 2631 377 2650 seo,
397 2622 541 2650 Mantova,
571 2622 644 2654 1855,
666 2631 710 2655 pp.
733 2629 762 2654 55
784 2632 798 2648 e
818 2624 886 2656 sgg.)

415 2661 426 2678 3
446 2664 539 2688 Tanto
554 2666 561 2687 i
577 2664 747 2689 Tosabecchi
762 2668 867 2697 quanto
883 2667 903 2690 il
918 2668 1016 2691 notaio
1031 2667 1066 2691 da
1080 2665 1219 2694 Querceto

327 2706 457 2729 debbono
478 2714 565 2730 essere
586 2708 651 2730 stati
673 2708 747 2738 presi
761 2716 774 2731 e
788 2709 962 2732 condannati
977 2716 1054 2732 come
1069 2708 1175 2732 fautori
1190 2709 1218 2732 di

326 2746 480 2771 Franeesco
500 2747 576 2771 Pico.
615 2747 659 2771 Cf.
680 2750 750 2772 nota
771 2755 794 2778 2,
816 2749 890 2773 della
910 2757 935 2782 p.
957 2749 998 2782 87.

411 2787 420 2803 ⁴
441 2789 547 2813 Romeo
567 2790 663 2821 Pepoli
688 2790 715 2814 fu
736 2791 849 2822 espulso
869 2791 904 2815 da
924 2791 1053 2823 Bologna
1080 2792 1100 2815 il
1130 2796 1158 2823 ¹7
1180 2791 1218 2815 lu-

326 2831 386 2862 glio
409 2838 471 2862 1321
488 2831 534 2860 (cf.
552 2833 651 2862 Corpus
666 2834 750 2856 chron.
764 2834 839 2864 Bam,
853 2834 893 2857 ed.
908 2833 1038 2862 Sorbelli,
1054 2835 1082 2857 in
1098 2835 1161 2858 ΗΕ.
1178 2835 1216 2857 ll.

329 2873 387 2901 SS,
407 2872 506 2901 XVIII,
527 2875 605 2904 parte
624 2874 643 2903 Ι,
666 2874 721 2898 vol.
741 2875 774 2905 ΙΙ,
795 2874 866 2906 346).

412 2913 423 2928 ⁵
436 2915 447 2937 I
468 2916 575 2946 signori
597 2916 624 2939 di
645 2915 816 2947 Savignano,
831 2917 879 2940 che
894 2915 917 2941 si
937 2919 1170 2949 assoggettarono
1189 2918 1215 2941 al

242 2942 274 2976 35
322 2956 484 2984 Bonacoisi,
498 2957 598 2980 furono
610 2957 736 2986 Camb10,
748 2958 872 2990 Ugolino
884 2967 897 2982 e
908 2959 1049 2987 Federico,
1061 2959 1217 2990 congiunto

322 2998 349 3021 di
372 2998 436 3029 quel
457 2997 602 3022 Gherardo
622 2999 670 3023 che
690 3007 735 3023 era
757 3002 848 3024 morto
869 3000 926 3025 alla
939 3001 1077 3033 battaglia
1091 3001 1118 3024 di
1140 3000 1217 3024 Mon·

1276 1958 1393 1981 tecatini
1414 1957 1537 1988 (Trina.
1557 1958 1628 1988 Biz„
1649 1958 1682 1986 Π,
1702 1957 1772 1991 300).

1364 1997 1375 2014 ⁶
1390 1999 1430 2023 La
1445 1999 1603 2032 podesteria
1617 2000 1660 2024 del
1677 2000 1850 2032 Mantegazzi
1865 1999 1879 2025 ὲ
1893 2001 2091 2025 documentata
2110 2000 2166 2024 dal-

1276 2041 1396 2072 1’agosto
1411 2041 1455 2065 del
1473 2048 1534 2073 1321
1552 2041 1700 2073 all’agosto
1717 2049 1780 2073 ¹3²2
1801 2043 1903 2073 (illem.
1916 2050 1940 2067 a.
1958 2049 2031 2074 1321,
2047 2050 2072 2065 n.
2087 2049 2163 2074 3999,

1275 2083 1297 2106 il
1318 2090 1348 2106 22
1365 2085 1464 2115 agosto
1482 2090 1561 2115 1321:
1583 2083 1595 2095 “
1607 2084 1632 2107 d.
1654 2084 1846 2108 Bonacursino
1861 2085 1894 2108 de
1908 2084 2003 2117 Cibidi
2019 2084 2125 2108 factore
2139 2085 2164 2108 d.

1277 2125 1290 2138 ί(
1302 2126 1415 2149 Boscini
1432 2127 1464 2150 de
1477 2125 1664 2157 Mantegaciis
1683 2128 1832 2158 potestatis
1845 2127 1956 2151 Mutine
1968 2134 1997 2157 „3
2012 2134 2038 2150 n.
2052 2125 2129 2158 3588,
2144 2127 2164 2150 il

1274 2174 1309 2199 30
1328 2168 1481 2191 dicembre:
1503 2168 1515 2180 “
1529 2168 1634 2192 nobilis
1654 2168 1733 2192 miles
1753 2169 1778 2192 d.
1798 2168 1954 2192 Boschinus
1974 2169 2006 2193 de
2025 2168 2166 2200 Mantega-

1276 2209 1290 2222 ⁴‘
1302 2210 1353 2233 ciis
1364 2211 1488 2241 potestas
1501 2208 1610 2233 Motine
1625 2211 1730 2234 creavit
1745 2210 1887 2242 publicum
1898 2210 2068 2234 tabelionem
2079 2209 2166 2234 Maxi-

1277 2251 1290 2264 “
1302 2260 1367 2276 num
1378 2251 1466 2275 filium
1478 2252 1503 2276 d.
1514 2251 1687 2276 Manfredini
1703 2252 1736 2276 de
1749 2252 1846 2284 Nigris
1860 2253 1892 2276 de
1904 2252 2019 2284 Carpo„
2031 2261 2036 2280 ;
2051 2259 2074 2276 a.
2091 2258 2165 2283 1322,

1275 2300 1321 2316 nn.
1342 2292 1402 2324 908,
1419 2299 1492 2325 1371,
1509 2299 1586 2325 ²091-
1602 2292 1678 2325 2636,
1692 2293 1781 2325 3191).
1818 2294 1862 2317 Ho
1877 2301 1966 2317 messo
1982 2294 2002 2317 il
2017 2293 2166 2317 comincia-

1276 2336 1370 2358 mento
1391 2335 1466 2358 della
1485 2342 1533 2359 sua
1553 2335 1711 2366 podesteria
1731 2334 1786 2359 alle
1806 2336 1919 2359 calende
1939 2336 1967 2359 di
1989 2336 2101 2366 agosto:
2122 2342 2165 2359 ma

1275 2376 1408 2408 potrebbe
1427 2377 1515 2400 anche
1535 2384 1600 2401 aver
1620 2378 1705 2401 avuto
1726 2378 1868 2408 principio
1888 2378 1931 2401 tra
1952 2377 1972 2400 il
1995 2377 2088 2408 primo
2106 2383 2121 2400 e
2145 2376 2164 2399 il

1278 2424 1306 2441 12
1328 2420 1435 2449 agosto,
1449 2418 1566 2442 essendo
1580 2417 1624 2442 del
1642 2424 1670 2442 12
1686 2419 1786 2450 agosto
1802 2425 1866 2449 1322
1881 2418 2008 2442 l’ultima
2022 2418 2166 2442 menzione

1275 2459 1303 2482 di
1325 2461 1422 2490 questo
1443 2457 1567 2491 podesta.

1361 2498 1372 2514 ⁷
1393 2500 1415 2524 Il
1452 2501 1544 2532 legato
1579 2500 1725 2532 pontificio
1757 2500 1890 2525 mandato
1919 2500 1965 2525 dal
1994 2507 2066 2533 papa
2101 2498 2166 2524 Gio-

1275 2543 1360 2566 vanni
1392 2541 1469 2566 XXII
1499 2544 1528 2566 in
1554 2542 1638 2567 Italia
1666 2550 1712 2566 era
1741 2543 1761 2566 il
1782 2542 1924 2566 cardinale
1949 2542 2104 2566 Bertrando
2130 2542 2167 2566 du

1274 2584 1382 2616 Poujet,
1403 2585 1537 2607 venutovi
1559 2585 1622 2608 sino
1641 2584 1718 2608 dalla
1736 2583 1790 2607 fine
1802 2584 1847 2607 del
1870 2590 1948 2615 1319:
1963 2583 2123 2607 Raimondo
2137 2584 2165 2607 di

1274 2625 1406 2649 Car-dona
1423 2626 1452 2649 fu
1471 2627 1517 2657 poi
1541 2627 1651 2650 inviato
1672 2625 1746 2649 nella
1766 2626 1923 2657 primavera
1943 2625 1987 2649 del
2010 2631 2073 2656 1321
2090 2632 2166 2649 come

1274 2668 1384 2691 vicario
1404 2668 1447 2691 del
1469 2675 1496 2691 re
1510 2667 1722 2699 Robert01(cf.
1746 2668 1805 2692 Chr.
1826 2668 1894 2695 Est„
1915 2667 1944 2691 in
1960 2668 2025 2691 HR.
2047 2668 2085 2690 ΙΙ.
2107 2667 2165 2697 SS„

1274 2708 1334 2739 XV,
1354 2709 1425 2732 ediz.
1446 2710 1561 2733 Bertoni
1581 2716 1595 2733 e
1615 2709 1722 2738 Vicini,
1742 2716 1767 2740 p.
1788 2715 1830 2740 91,
1845 2708 1863 2733 1.
1884 2707 1900 2732 6
1920 2709 1979 2741 sg.).
2016 2708 2094 2732 Sulla
2106 2716 2166 2733 sco-

1274 2751 1386 2774 munica
1406 2751 1505 2783 papale
1524 2753 1625 2775 contro
1644 2750 1655 2774 2
1676 2750 1816 2780 Visconti,
1842 2751 1865 2773 si
1892 2750 2002 2774 vedano
2028 2750 2069 2782 gli
2097 2750 2165 2774 Anu.

1273 2793 1386 2820 mediol„
1407 2793 1437 2816 in
1459 2793 1523 2816 RR.
1546 2793 1585 2816 Il.
1607 2793 1667 2822 SS.‚
1687 2791 1758 2820 XVI,
1778 2799 1837 2824 cap.
1856 2798 1898 2824 92.

1360 2832 1371 2849 ⁸
1382 2834 1422 2858 La
1434 2836 1595 2859 scomunica
1607 2836 1705 2858 contro
1719 2834 1759 2865 gli
1773 2834 1883 2857 Estensi
1899 2840 1945 2857 era
1960 2835 2031 2858 stata
2043 2833 2166 2858 lanciata

1271 2873 1317 2906 gia
1339 2876 1383 2900 nel
1407 2876 1486 2908 1318:
1506 2877 1553 2907 qui
1575 2877 1597 2899 si
1627 2876 1721 2900 allude
1740 2877 1908 2899 certamente
1927 2875 1952 2899 al
1982 2883 2113 2908 processo
2136 2876 2164 2900 di

1271 2919 1359 2941 eresia
1386 2919 1527 2942 intentato
1553 2919 1652 2941 contro
1676 2917 1706 2941 di
1734 2918 1787 2941 essi
1811 2917 1887 2941 dalla
1916 2918 1992 2941 curia
2018 2917 2166 2949 pontificia

1273 2960 1317 2983 nel
1341 2966 1403 2991 1321
1427 2960 1472 2991 (cf.
1493 2959 1582 2987 Mum,
1602 2960 1664 2983 Ant.
1685 2962 1740 2987 est..
1760 2959 1793 2986 ΙΙ,
1808 2958 1859 2991 73).

1358 2999 1369 3016 ⁹
1387 3001 1410 3025 11
1431 3002 1548 3026 castello
1568 3002 1595 3025 di
1612 3001 1729 3026 Marano
1750 3001 1792 3025 sul
1806 3000 1915 3025 Panaro
1929 3009 2000 3033 poco
2023 3008 2105 3033 sopra
2119 3000 2165 3025 Vi-

2183 866 2220 897 10

2193 2085 2227 2110 40

2193 2295 2224 2320 45

2194 2504 2228 2530 50

2194 2712 2226 2739 55

2193 2916 2228 2941 60
