2370 3603
34 839 73 869 10

42 1519 72 1536 10

42 1730 71 1754 15

43 1939 77 1956 20

47 2392 80 2417 30

49 2604 80 2629 35

51 2817 85 2840 40

110 254 192 287 [AA.
214 255 408 288 1:³17-1318]
714 245 970 281 IOHANNIS
1000 245 1070 281 DE
1096 243 1315 280 BAZANO

105 313 1931 326 ·········································································································································································································

97 365 252 407 sequenti
276 365 396 397 habuit
419 376 482 407 per
504 365 574 396 vim
599 369 746 395 castrum
771 363 863 405 quod
886 368 1028 394 vocatur
1050 361 1242 394 Monselese
1275 366 1307 392 et
1332 361 1386 393 die
1419 361 1505 392 iovis
1536 360 1693 403 sequenti
1725 360 1843 392 habuit
1874 371 1938 402 per

96 417 166 448 vim
191 423 340 449 castrum
369 418 462 460 quod
486 422 628 448 vocatur
652 416 743 447 Este.
793 414 851 447 'Et
880 421 998 456 postea
1029 419 1288 446 castrametatus
1311 413 1377 444 suit
1407 423 1510 454 super
1537 413 1770 455 episcopatum
1794 412 1934 444 Paduae

96 480 159 511 per
182 470 268 501 duos
291 480 441 507 menses;
467 475 501 502 et
525 469 644 501 eodem
661 474 814 509 tempore
830 468 934 499 multa
950 473 1061 499 castra
1077 473 1111 499 et
1134 467 1258 498 multae
1275 466 1375 497 villae
1398 472 1431 497 et
1456 466 1680 498 comunitates
1695 465 1936 497 Paduanorum

98 528 266 554 venerunt
290 523 333 554 ad
358 523 431 554 eius
447 523 607 554 mandata
632 527 665 552 et
688 527 808 562 postea
832 521 927 552 facta
951 521 1016 552 fuit
1038 531 1106 562 pax
1129 520 1220 551 inter
1243 519 1425 550 Paduanos
1449 525 1481 550 et
1505 519 1679 550 dominum
1703 518 1832 550 Canem
1857 518 1937 550 reti-

96 575 210 607 nendo
235 575 348 606 dictus
380 575 538 607 dominus
569 573 672 605 Canis
697 573 883 605 dominium
915 573 1043 605 Montis
1075 572 1198 609 Silicis,
1230 570 1483 614 Montagnanae
1513 577 1547 603 et
1570 571 1786 603 Montebaldi
1811 577 1844 603 et
1868 570 1938 602 alia

96 633 208 659 castra
233 633 266 658 et
290 627 446 660 Paduani
472 627 656 659 extrinseci
680 626 856 658 redierunt
879 626 923 658 ad
948 626 1074 657 dictam
1099 625 1271 656 civitatem
1295 624 1435 656 Paduae
1450 623 1469 656 ¹.

184 679 373 721 [Dominus]
391 680 534 725 Ciliolus
552 679 607 720 [de
623 679 656 710 la
673 679 784 710 Turre
801 679 947 711 vicarius
962 678 1131 721 generalis
1146 677 1181 708 in
1199 676 1345 717 Mutina]
1362 676 1395 708 in
1412 675 1608 719 M.cccxviij
1628 676 1766 718 [incepit
1782 676 1938 719 regimen

96 732 205 774 suum]
219 733 254 763 in
272 733 326 764 die
341 733 361 775 ij
379 732 514 772 [mensis
527 731 683 772 ianuarii]
692 731 714 762 ².
732 731 776 762 Et
791 731 848 762 die
862 731 1021 762 mercurii
1036 730 1118 772 xviij
1139 729 1280 761 ianuarii
1294 729 1451 761 dominus
1468 729 1655 774 §Zacharias
1668 729 1710 761 de
1725 728 1938 760 Tosabechis

96 785 140 816 de
163 785 289 826 Carpo,
314 785 442 816 auxilio
467 785 691 826 quorumdam
716 794 853 815 suorum
877 783 1073 821 amicorum,
1099 793 1183 824 quos
1207 782 1262 814 die
1286 782 1402 813 martis
1418 782 1638 824 praecedenti
1664 782 1751 813 clam
1774 782 1938 814 conduxit

96 837 132 868 in
156 837 316 879 Carpum,
341 838 432 879 cepit
454 837 660 868 Potestatem
685 837 798 868 dictae
819 843 931 868 terrae
956 836 1060 877 Carpi
1078 835 1135 877 qui
1154 840 1226 867 erat
1249 834 1296 866 ibi
1313 845 1375 876 pro
1400 835 1536 866 domino
1559 834 1740 866 Passarino
1765 840 1798 866 et
1821 834 1939 866 habuit

96 890 284 922 dominium
299 890 383 921 dicti
396 891 496 922 castri
513 890 617 931 Carpi
627 890 654 927 ³3
673 896 707 922 et
724 889 1000 931 Archipresbiter
1018 889 1061 920 de
1079 887 1202 930 Carpo,
1217 888 1355 930 quierat
1372 888 1514 931 Ciliolus
1527 888 1570 920 de
1586 888 1743 920 Brochiis
1756 888 1798 919 de
1812 887 1937 929 Carpo,

95 949 128 974 et
151 943 238 974 filius
263 942 469 974 Girardinus
493 943 629 974 iverunt
654 943 737 974 nudi
765 943 810 974 ad
842 942 979 974 foveam
1012 941 1114 973 castri
1145 947 1179 972 et
1211 941 1336 972 auxilio
1368 940 1567 982 cui[us]dam
1595 940 1784 972 sacerdotis
1815 946 1847 972 et
1878 951 1937 972 na-

93 995 199 1027 tando
223 995 295 1037 ipse
319 995 461 1039 Ciliolus
487 1006 563 1027 cum
589 996 681 1028 dicto
706 995 896 1037 presbitero
920 994 1021 1026 ambo
1046 995 1078 1025 in
1106 994 1207 1025 fovea
1231 994 1487 1026 soffocaverunt
1504 1000 1537 1025 et
1553 994 1642 1025 filius
1657 994 1763 1025 evasit
1788 999 1822 1025 et
1838 993 1937 1036 fug-it,

189 1145 210 1162 1.
225 1138 346 1162 castrum
360 1139 407 1169 qui
424 1140 542 1162 vocatur
561 1138 640 1170 Este]
659 1139 710 1163 cosi
727 1147 772 1163 era
792 1139 886 1162 scritto
900 1139 992 1169 prima
1011 1139 1038 1161 in
1058 1138 1107 1168 A.‚·
1122 1138 1171 1168 poi
1183 1138 1259 1161 dalla
1273 1138 1412 1161 medesima
1431 1145 1506 1161 mano
1520 1137 1585 1167 dopo
1606 1136 1670 1160 Este
1682 1137 1720 1169 su
1734 1144 1802 1168 agg.
1823 1145 1836 1159 e
1855 1144 1935 1160 senza

102 1181 253 1204 cancellare
266 1184 357 1211 questa
365 1182 483 1210 parola:
498 1181 681 1205 Moncelixse.
702 1181 737 1204 Et
756 1181 802 1204 die
822 1181 898 1204 iovis
924 1182 1050 1211 sequenti
1071 1180 1170 1203 habuit
1190 1187 1238 1211 per
1257 1179 1314 1202 vim
1329 1181 1450 1203 castrum
1465 1180 1511 1210 qui
1529 1181 1645 1203 vocatur
1658 1178 1737 1207 Este;
1753 1179 1839 1206 Mun..
1854 1187 1867 1202 e
1883 1180 1936 1208 Cr.‚

97 1229 266 1253 correggono
276 1222 438 1246 eliminando
459 1224 486 1246 la
502 1223 595 1252 prima
609 1224 683 1246 volta
698 1223 720 1246 il
738 1231 809 1247 nome
822 1223 852 1246 di
865 1224 930 1247 Este
946 1234 972 1238 -
992 1227 1015 1252 5.
1031 1222 1138 1245 Montis
1152 1221 1260 1252 Silicis]
1272 1221 1322 1245 cosi
1335 1221 1426 1245 Mum:
1446 1220 1656 1244 Montissiculle
1674 1220 1715 1249 A„
1731 1221 1777 1246 Cr.
1791 1233 1799 1237 -
1815 1220 1935 1244 Montis-

97 1263 174 1286 baldi
195 1263 283 1292 MUR„
305 1263 351 1287 Cr.
372 1277 403 1281 -—
430 1263 453 1287 6.
474 1263 601 1288 Paduani
621 1263 786 1295 extrinseci]
807 1265 857 1288 cos}
879 1264 965 1291 Minas
980 1263 1102 1288 Paduam
1121 1265 1149 1287 et
1169 1264 1321 1287 extrinseci
1349 1264 1390 1293 A„
1411 1263 1456 1286 Cr.
1477 1275 1509 1279 --
1530 1268 1582 1294 7-9.
1602 1263 1629 1286 in
1649 1263 1693 1291 A,
1711 1263 1776 1292 dopo
1795 1264 1823 1286 la
1839 1265 1941 1292 parola

99 1304 210 1328 Paduae
229 1313 318 1336 segue,
338 1314 416 1329 senza
437 1307 538 1330 andare
559 1315 575 1330 a
594 1310 674 1337 capo:
694 1308 720 1330 et
742 1308 770 1330 in
793 1305 859 1338 1318
881 1307 909 1330 in
930 1307 975 1330 die
996 1312 1009 1329 2
1022 1304 1052 1337 (?)
1072 1305 1118 1329 die
1145 1305 1276 1329 mercurii
1298 1311 1328 1336 17
1349 1305 1423 1328 iunii
1450 1304 1571 1328 Ziliolus
1595 1306 1622 1328 et
1642 1304 1775 1328 dominus
1795 1304 1936 1332 Zacarias,

97 1347 194 1376 parole
213 1347 258 1370 che
276 1347 302 1370 in
325 1348 370 1371 Cr.
389 1355 449 1371 sono
468 1349 617 1378 rzprodotte
636 1349 758 1372 undando
777 1357 793 1372 α
811 1351 876 1378 capo
896 1357 909 1371 e
927 1348 1111 1378 sopprimendo
1133 1349 1162 1370 in
1183 1347 1228 1370 die
1248 1353 1271 1375 2,
1286 1355 1299 1370 e
1312 1347 1355 1370 clu:
1368 1347 1390 1370 il
1402 1346 1568 1376 MUR.,pure
1588 1347 1709 1369 undando
1723 1354 1739 1369 a
1752 1349 1826 1375 capo,
1845 1346 1937 1370 riduce

103 1389 130 1411 in
155 1392 246 1419 questa
264 1389 377 1420 forma.-
402 1389 434 1413 In
461 1396 617 1414 mcccxvrn
644 1391 688 1414 die
708 1391 838 1414 mercurii
860 1396 924 1414 xvn
948 1390 1072 1413 ianuarii
1098 1389 1231 1413 dominus
1257 1389 1416 1412 Zacharia&
1440 1382 1467 1412 Ε
1484 1389 1518 1412 da
1538 1392 1631 1412 notare
1649 1389 1694 1412 che
1712 1389 1739 1412 in
1761 1387 1795 1412 Α.
1814 1389 1850 1412 l’8
1869 1389 1942 1412 della

103 1429 176 1462 cisra
196 1432 239 1454 che
261 1431 349 1454 indica
370 1433 397 1455 la
417 1432 482 1455 data
503 1433 635 1456 dell'anno
655 1433 752 1456 risulta
773 1433 848 1456 dalla
868 1440 967 1456 correz.
987 1432 1016 1455 di
1033 1439 1066 1455 un
1085 1438 1102 1463 9
1121 1440 1134 1454 e
1154 1432 1197 1454 clte
1211 1432 1280 1455 sulla
1300 1431 1372 1462 cisra
1392 1434 1474 1454 stessa
1495 1431 1507 1454 ὲ
1526 1438 1559 1453 an
1576 1438 1664 1462 segne,
1679 1430 1710 1454 di
1720 1430 1763 1454 cui
1775 1438 1822 1453 non
1836 1430 1860 1453 si
1874 1431 1939 1454 vede

105 1472 128 1495 il
145 1472 312 1505 significatm
332 1473 494 1497 circostanze
513 1478 601 1505 queste
621 1476 673 1501 che.
693 1475 765 1498 unite
785 1483 801 1498 a
820 1476 908 1505 quella
928 1474 1110 1504 duplicatione
1129 1481 1142 1496 o
1163 1474 1278 1497 incontra
1299 1474 1341 1496 clte
1360 1473 1408 1503 sia,
1430 1473 1502 1496 della
1516 1477 1599 1496 stessa
1614 1474 1730 1502 parola:
1752 1473 1781 1495 in
1801 1472 1847 1495 die
1867 1478 1881 1495 2
1896 1471 1942 1495 die

104 1521 117 1537 e
130 1515 273 1538 all’errore
287 1515 316 1538 di
328 1515 402 1538 iunii
414 1518 466 1545 per
480 1516 603 1540 ianuarii
625 1516 728 1546 (poiche
749 1517 770 1539 il
788 1516 858 1545 fatto
872 1517 901 1539 di
922 1516 1007 1546 Carpi
1017 1515 1054 1548 sn
1075 1518 1234 1539 cet-[amente
1253 1516 1279 1538 in
1290 1514 1418 1546 genunio)
1433 1518 1564 1538 mostrano
1578 1515 1623 1545 qui
1635 1522 1667 1537 nn
1678 1515 1788 1545 grande
1806 1514 1943 1537 clisordinc

103 1557 175 1579 nella
188 1556 361 1580 trascrizione
375 1558 585 1589 dell’originale,
606 1559 702 1582 dnvuto
717 1562 789 1582 certo
810 1560 839 1582 al
849 1558 927 1590 fatto
947 1558 993 1582 che
1012 1558 1182 1589 l’ignorante
1203 1557 1301 1587 copisla
1317 1557 1526 1586 probabilmente
1544 1557 1650 1588 confuse
1664 1556 1690 1580 in
1704 1564 1752 1579 uno
1766 1557 1814 1579 due
1824 1556 1941 1586 periodi.

107 1597 149 1620 Ho
169 1601 269 1622 tentato
282 1599 312 1622 di
323 1599 487 1623 ricostituire
502 1602 530 1624 la
550 1601 653 1624 lacuna.
675 1601 888 1632 A'ell’originale
902 1608 950 1623 non
968 1601 1075 1631 rilengo
1091 1599 1158 1629 pera
1172 1599 1306 1631 chefosse,
1323 1606 1392 1622 come
1405 1600 1435 1622 al
1445 1599 1521 1622 solito
1535 1599 1649 1622 avviene
1662 1599 1693 1622 al
1699 1598 1834 1628 princzsst'o
1848 1598 1942 1630 d'ogni

103 1643 210 1670 annala,
232 1641 259 1663 la
279 1642 414 1664 notazione
433 1643 478 1665 dei
491 1642 612 1671 podeslh.
638 1643 649 1665 i
672 1642 747 1673 quali
756 1642 859 1674 furano
877 1642 1004 1666 cambiati
1022 1650 1035 1665 e
1054 1641 1208 1665 ricambiati
1222 1641 1271 1671 plia
1296 1642 1367 1664 volte
1391 1641 1443 1671 lino
1469 1641 1550 1665 all’n
1569 1640 1696 1672 febbraia
1720 1640 1797 1670 1318}
1824 1640 1942 1663 tuttavia

105 1681 118 1703 ὸ
138 1681 173 1705 da
198 1685 291 1705 notare
317 1684 361 1706 che
385 1684 513 1707 Federico
538 1685 611 1707 della
639 1685 720 1708 Scala
740 1685 854 1708 avreboe
879 1684 1006 1714 compium
1032 1684 1054 1706 il
1066 1683 1179 1713 proprio
1204 1686 1329 1706 semestre
1354 1683 1376 1706 il
1396 1690 1431 1712 31
1453 1683 1578 1714 genunio,
1605 1685 1704 1706 mentre
1729 1682 1820 1706 invece
1839 1683 1894 1705 sino
1913 1682 1944 1705 al

105 1725 138 1749 18
153 1726 271 1755 genmn'o
291 1727 302 1750 z'
320 1726 401 1751 Mem.
428 1728 513 1751 dunno
527 1731 580 1758 per
598 1728 715 1752 Podestiz
736 1728 859 1759 Borgata
880 1728 913 1751 de
933 1726 1068 1751 Orlandis
1090 1727 1122 1750 de
1141 1726 1222 1757 Pisis,
1245 1727 1287 1750 cui
1304 1734 1449 1750 successero
1463 1730 1516 1756 per
1534 1734 1568 1750 12
1584 1727 1680 1757 giornae'
1697 1730 1750 1750 utto
1764 1725 1877 1756 podest&
1897 1725 1944 1749 cit-

104 1767 261 1797 tadini,j›oi
272 1769 464 1800 1'l3ogenna1'o
484 1770 755 1794 Giovannz'b‘a212ier1·
774 1771 808 1794 da
829 1771 941 1802 Reggio
961 1779 973 1792 r
986 1770 1144 1802 finalmente
1161 1770 1212 1793 I'11·
1226 1769 1353 1801 sebbraio
1373 1767 1521 1792 Pocaterra
1541 1768 1574 1792 de
1593 1767 1727 1792 Mutrano
1741 1769 1775 1792 da
1798 1768 1897 1792 Cesena
1911 1782 1943 1786 -—

105 1808 129 1832 S.
147 1810 223 1842 xvnj
246 1810 380 1841 ianuarii!
402 1819 535 1843 correggo
556 1812 579 1835 il
603 1818 664 1843 XV1J
691 1813 721 1836 di
739 1812 780 1842 A.r
796 1812 826 1836 εἰτ’
844 1812 919 1836 MUR.
941 1821 954 1835 e
974 1813 1019 1835 Cr.
1034 1812 1131 1841 perche
1145 1812 1168 1835 il
1182 1818 1211 1841 17
1221 1811 1338 1842 genunio
1351 1812 1416 1841 1318
1435 1811 1466 1839 fu
1485 1819 1517 1834 un
1537 1810 1652 1834 martes:
1672 1810 1748 1840 (vedi
1765 1810 1845 1833 anche
1858 1810 1880 1833 il
1898 1810 1943 1833 die

105 1850 202 1874 martis
222 1852 398 1883 praecedenti
420 1854 491 1877 della
506 1855 524 1877 l.
544 1853 585 1885 9):
602 1854 654 1885 gi&
675 1854 696 1878 il
714 1853 792 1878 Mun.
819 1862 916 1882 aveva,
936 1861 1003 1877 come
1023 1855 1052 1877 bo
1073 1855 1151 1880 detto,
1171 1856 1286 1877 corretto
1307 1854 1329 1876 il
1347 1853 1452 1884 giugno
1478 1853 1504 1875 in
1520 1853 1634 1883 genunio
1653 1865 1665 1870 -
1684 1851 1866 1882 Tosabechis]
1892 1850 1944 1875 cos)

104 1891 197 1920 MUR.;
218 1893 384 1918 Tossabecis
410 1894 452 1923 A,
481 1895 525 1920 Cr.
547 1909 579 1912 -
603 1902 642 1920 10.
662 1895 787 1928 Carpum
807 1898 834 1919 et
853 1897 928 1927 cepit
952 1895 992 1925 A„
1016 1896 1075 1923 Cr.3
1095 1897 1123 1919 et
1142 1903 1189 1919 om.
1217 1895 1293 1918 Mna.
1309 1908 1316 1912 -
1331 1894 1391 1925 qui}
1413 1901 1482 1925 quae
1500 1894 1578 1918 Mun.
1600 1907 1632 1910 —
1656 1900 1694 1917 12.
1715 1892 1876 1917 Gerardieri
1898 1894 1945 1921 A.;

107 1931 258 1959 Girardini
277 1935 370 1965 Mum
392 1935 543 1961 Gerardini
568 1938 621 1966 Cr.;
642 1938 805 1961 Piuscrfflo
825 1939 872 1961 har
893 1936 1092 1969 Ghidinusque
1112 1937 1157 1961 illi
1177 1937 1261 1961 filius.
1281 1948 1291 1955 -
1310 1939 1338 1960 et
1357 1944 1420 1961 auX.
1440 1936 1548 1960 cuiusd.
1569 1935 1723 1960 sacerdotis
1742 1944 1789 1960 om.
1809 1935 1889 1960 Mna.
1909 1948 1941 1953 —

110 1982 149 2007 ¹3·
163 1977 411 2010 Archipresbitero
425 1978 503 2003 Mun.

105 2057 253 2080 menzione
274 2056 301 2080 di
323 2057 517 2082 Sant'Andrea
538 2060 566 2082 in
588 2058 770 2087 Corneliano,
791 2067 839 2083 ora
853 2059 1000 2083 Montebu-

1053 2058 1177 2087 l‘ufficio,
1191 2059 1257 2082 dato
1272 2058 1292 2081 il
1308 2059 1511 2082 cambiamento
1529 2058 1558 2081 di
1571 2064 1699 2089 governo
1711 2057 1755 2080 del
1772 2056 1803 2080 18
1814 2058 1946 2089 gennaio.

105 2097 180 2120 dello
201 2097 248 2128 (cs.
268 2106 294 2129 p.
312 2099 350 2125 16,
367 2102 432 2124 nota
448 2101 484 2132 7).
499 2103 603 2124 mostra
617 2101 666 2124 che
687 2101 707 2124 il
719 2100 901 2125 Ghirardacci
918 2103 1001 2125 attin-

1053 2100 1124 2123 Vedi
1132 2107 1215 2132 sopra
1224 2099 1440 2123 Posservazione
1448 2100 1520 2123 nelle
1529 2100 1651 2123 varianti
1661 2099 1715 2122 alle
1725 2099 1754 2123 ll.
1763 2104 1803 2130 7—9
1812 2099 1856 2122 del
1864 2100 1946 2122 testo.

105 2147 174 2171 geva
195 2149 209 2164 a
229 2149 283 2165 una
304 2150 420 2166 cronaca
440 2144 550 2167 diversa
570 2144 645 2168 dalla.
667 2146 771 2168 nostra.

194 2182 239 2207 Cf.
260 2185 346 2208 anche
368 2185 429 2208 Chr.
449 2193 519 2217 reg„
534 2187 562 2209 in
578 2187 642 2210 RR.
660 2187 697 2210 ll.
713 2187 771 2217 SS„
786 2186 887 2213 XVIIL
903 2193 999 2218 29-30:

108 2222 174 2247 “De
193 2231 286 2249 mense
306 2227 471 2258 septembris
491 2226 725 2258 Mediolanenses,
742 2228 890 2252 Mantuani
905 2231 932 2252 et
946 2229 1000 2252 Ve-

107 2265 120 2278 ‘⁴
132 2273 264 2290 ronenses
279 2268 391 2292 iverunt
406 2270 479 2292 circa
491 2268 658 2294 Cremonam
673 2278 721 2301 per
735 2272 837 2294 terram
851 2273 879 2294 et
893 2278 999 2301 aquam.

108 2308 187 2332 “Die
206 2310 266 2342 xvij
296 2311 421 2334 octobris
442 2311 635 2335 Bononienses
659 2319 719 2335 cum
747 2320 849 2343 magno
874 2314 1001 2336 exercitu

109 2348 270 2374 “venerunt
290 2351 485 2376 Nonantulam
505 2354 532 2376 et
553 2360 634 2384 super
654 2354 848 2385 episcopatum
874 2354 1001 2377 Mutinae

107 2389 229 2415 “omnia
250 2393 397 2420 vastando,
418 2394 444 2416 et
466 2393 505 2417 sic
527 2395 666 2417 exercitus
680 2394 811 2418 discessit
826 2403 839 2418 a
860 2393 1001 2419 Cremona

110 2432 161 2456 “et
180 2433 373 2457 Bononienses
393 2434 538 2458 redierunt
558 2435 718 2458 Bononiam
730 2455 753 2466 „.

197 2473 204 2490 ¹
224 2475 262 2499 Su
281 2478 377 2506 questa
399 2477 563 2508 spedizione
583 2477 612 2500 di
633 2476 801 2509 Cangrande
821 2480 921 2502 contro
935 2478 946 2501 i
959 2485 1001 2502 ca-

108 2516 183 2540 stelli
211 2517 363 2548 padovani,
384 2518 456 2542 oltre
478 2518 497 2541 il
518 2517 627 2542 framm.
655 2518 701 2550 gia
721 2520 769 2543 cit.
796 2520 839 2543 del
867 2520 1001 2548 Mussato,

108 2559 142 2582 cf.
165 2559 227 2583 Chr.
246 2560 356 2591 reg.,in
380 2562 443 2584 RR.
468 2562 503 2584 [L
526 2562 584 2587 SS..
603 2561 705 2592 XVIII,
725 2569 774 2594 30:
796 2563 856 2587 Cltr.
871 2570 937 2590 ver„
951 2563 1002 2591 ivi,

109 2599 182 2631 VIII,
202 2599 267 2631 642;
289 2600 427 2632 Ciporm,
453 2602 515 2626 Ant.
543 2611 612 2627 cron.
640 2612 706 2632 ver„
726 2604 746 2632 I,
769 2609 828 2636 479.
866 2603 1003 2629 L'ultima

110 2641 182 2665 delle
201 2644 273 2666 terre
293 2645 439 2668 nominate
459 2643 472 2668 'e
492 2647 660 2668 certamente
683 2645 695 2656 “
708 2644 890 2669 Castelbaldo
901 2663 925 2677 7„
946 2654 1002 2670 non

113 2683 126 2696 Μ
136 2683 322 2709 Montebaldo
335 2702 358 2716 ,‚.

198 2724 209 2740 ²
229 2724 279 2750 Gli
299 2728 352 2751 atti
372 2728 508 2760 pubblicl.
529 2729 601 2752 oltre
622 2730 642 2752 il
665 2736 745 2753 nome
766 2729 810 2753 del
826 2730 943 2759 vicario,
953 2731 1004 2755 che

111 2767 335 2799 probabilmente
354 2777 399 2794 era
421 2771 573 2802 registi-ato
593 2771 639 2794 dal
659 2773 792 2802 cronista,
815 2779 866 2796 con
882 2772 1004 2796 formula

112 2809 233 2840 analoga
253 2818 267 2834 a
287 2811 381 2842 quella
395 2812 469 2843 degli
485 2813 540 2836 atti
555 2813 648 2836 istessi
663 2813 765 2843 (Alaun,
780 2821 804 2838 a.
819 2813 894 2845 1318,
911 2815 968 2838 vol.
981 2814 1003 2843 1,

113 2858 138 2874 n.
161 2850 194 2879 1),
221 2852 316 2875 danno
336 2853 423 2877 anche
443 2855 538 2885 quello
558 2855 603 2878 del
624 2852 751 2886 podestii.
772 2855 794 2880 11
815 2857 916 2888 pisano
936 2856 1003 2880 Bor-

111 2894 176 2924 gata
197 2892 316 2917 Orlandi
333 2894 367 2926 (a.
386 2895 460 2928 1318,
476 2896 497 2923 1,
513 2904 540 2921 n.
562 2895 631 2928 185),
648 2897 668 2920 il
682 2897 764 2928 quale
778 2898 1004 2929 probabilmente

113 2941 158 2957 era
178 2936 252 2959 stato
273 2937 422 2961 nominato
436 2945 484 2969 per
498 2939 642 2962 succedere
656 2947 670 2962 a
684 2939 819 2963 Federico
834 2940 909 2964 della
923 2940 1004 2965 Scala

113 2975 158 2999 col
178 2976 270 3007 prlmo
286 2977 425 3003 febbraio:
439 2986 453 3002 e
467 2978 563 3012 percio
575 2987 632 3003 non
646 2979 711 3013 pote
726 2988 851 3013 neppure
865 2988 1002 3014 occupare

1141 2139 1151 2156 ³
1170 2142 1202 2165 In
1224 2141 1308 2173 Carpi
1340 2142 1552 2165 contendevano
1578 2148 1626 2172 per
1652 2141 1679 2165 la
1705 2141 1893 2172 preminenza,
1919 2148 1947 2164 se

1055 2191 1111 2207 non
1132 2185 1247 2215 proprio
1263 2191 1309 2215 per
1324 2183 1351 2207 la
1365 2184 1491 2214 signoria
1511 2183 1555 2206 del
1571 2183 1665 2213 luogo,
1680 2184 1723 2206 sin
1739 2182 1784 2206 dai
1804 2183 1947 2214 principio

1054 2226 1097 2249 del
1119 2226 1211 2249 secolo
1231 2225 1303 2251 XIV.
1325 2225 1350 2249 le
1370 2226 1422 2248 due
1443 2225 1568 2256 famiglie
1589 2226 1632 2248 dei
1653 2224 1834 2255 Tosabecchi,
1856 2224 1947 2256 guelfi‚

1054 2276 1067 2291 e
1078 2268 1121 2291 dei
1134 2267 1260 2295 Brocchi,
1271 2268 1429 2298 ghibellini.
1441 2267 1572 2291 Zaccaria
1587 2265 1758 2290 Tosabecchi
1773 2274 1818 2290 era
1831 2267 1948 2290 riuscito

1053 2318 1067 2334 a
1095 2311 1259 2341 conseguire
1286 2310 1312 2333 la
1339 2309 1506 2341 prevalenza
1537 2309 1610 2340 sugli
1641 2310 1794 2335 avversari,
1824 2306 1948 2332 allorch⁸e

1056 2352 1100 2375 nel
1124 2357 1188 2384 1317
1216 2352 1373 2382 l‘arciprete
1400 2349 1530 2382 Gigliolo
1559 2351 1686 2381 Brocchi,
1714 2358 1792 2374 come
1819 2351 1948 2374 abbiamo

1056 2395 1131 2418 visto
1151 2394 1188 2425 (p.
1210 2399 1250 2426 77,
1272 2394 1300 2417 ll.
1324 2393 1422 2424 17-18)‚
1444 2394 1649 2417 introducendo
1666 2395 1694 2416 in
1710 2393 1794 2424 Carpi
1811 2400 1847 2416 un
1862 2393 1948 2424 presi-

1055 2437 1103 2459 dio
1124 2437 1151 2460 di
1173 2436 1257 2459 militi
1274 2436 1318 2459 (lel
1333 2435 1481 2458 Bonacolsi
1497 2433 1582 2458 riusci
1598 2436 1630 2458 ad
1647 2435 1788 2459 abbattere
1803 2432 1948 2459 l’autorita

1056 2477 1099 2500 del
1121 2476 1301 2500 Tosabecchi.
1322 2474 1420 2503 Questi
1443 2483 1490 2507 per
1510 2476 1583 2500 altro
1604 2483 1660 2499 non
1681 2477 1703 2499 si
1725 2474 1770 2500 die
1784 2483 1832 2507 per
1847 2477 1947 2503 vinto;

1056 2527 1070 2542 e
1090 2519 1186 2543 l'anno
1207 2521 1338 2550 seguente
1358 2517 1424 2550 pote
1447 2518 1579 2550 espellere
1600 2518 1675 2542 dalla
1694 2520 1768 2542 terra
1789 2518 1809 2541 il
1830 2515 1948 2549 podest&

1055 2569 1069 2584 c
1090 2561 1110 2584 il
1132 2562 1256 2592 presidio
1276 2561 1434 2592 ghibellino
1455 2568 1469 2584 e
1489 2561 1661 2591 costringere
1681 2568 1696 2584 a
1724 2560 1832 2591 suggire
1859 2560 1949 2583 l'arci-

1057 2604 1133 2634 prete
1154 2603 1280 2629 Brocchi,
1296 2603 1359 2626 .che
1388 2602 1462 2626 nella
1490 2603 1556 2634 fuga
1576 2601 1685 2634 annego
1714 2602 1788 2626 nelle
1812 2602 1884 2626 fosse
1903 2602 1947 2625 del

1057 2645 1183 2669 castello.
1202 2645 1225 2669 11
1246 2646 1321 2669 clero
1336 2652 1467 2676 carpense
1481 2646 1640 2677 procedette
1655 2646 1748 2669 subito
1764 2645 1819 2668 alla
1834 2646 1950 2668 nomina

1057 2688 1101 2712 del
1123 2696 1217 2712 nuovo
1237 2689 1373 2719 arciprete
1397 2689 1425 2711 in
1452 2695 1571 2719 persona
1592 2688 1618 2711 di
1640 2687 1760 2711 Alberto
1786 2687 1949 2715 Belfincini,

1057 2731 1192 2761 dandogli
1215 2731 1338 2755 insieme.
1360 2737 1416 2753 non
1438 2731 1460 2753 si
1482 2730 1549 2754 vede
1570 2730 1667 2753 chiaro
1688 2731 1717 2753 in
1733 2730 1811 2753 forza
1826 2730 1852 2753 di
1869 2729 1950 2760 quale

1058 2771 1191 2799 autoritz'z,
1213 2771 1361 2803 “regimen
1382 2773 1466 2795 etiam
1488 2772 1586 2803 oppidi
1596 2781 1627 2802 „:
1649 2779 1692 2795 ma
1714 2772 1734 2795 11
1752 2771 1866 2795 novello
1882 2773 1950 2795 arci-

1058 2817 1134 2847 prete
1155 2815 1268 2838 dovette
1289 2815 1477 2838 accomodarsi
1499 2815 1593 2838 subito
1607 2815 1651 2839 col
1671 2815 1854 2842 Tosabecchi,
1868 2816 1949 2838 tanto

1058 2858 1107 2881 che
1127 2858 1216 2888 questi
1237 2857 1277 2888 gli
1293 2855 1387 2888 presto
1407 2857 1433 2881 la
1454 2864 1559 2881 somma
1580 2857 1606 2880 di
1623 2862 1674 2889 350
1693 2857 1796 2887 fiorini,
1817 2857 1865 2880 che
1879 2857 1951 2880 biso-

1058 2906 1188 2930 gnavano
1210 2905 1257 2929 per
1276 2900 1401 2921 ottenere
1421 2898 1496 2922 dalla
1516 2899 1593 2922 curia
1607 2898 1752 2929 pontificia
1767 2898 1793 2921 la
1807 2898 1950 2922 conferma

1059 2940 1132 2965 della
1154 2942 1268 2964 nomina
1290 2939 1349 2972 (per
1374 2942 1451 2964 tutto
1477 2942 1574 2972 questo
1595 2942 1617 2965 si
1639 2941 1673 2964 cf.
1701 2941 1789 2971 Mem,
1812 2948 1834 2964 a.
1864 2938 1950 2972 1319),

1061 2980 1083 3007 si
1105 2982 1154 3006 che
1180 2982 1205 3006 al
1232 2982 1404 3007 Tosabecchi
1431 2984 1531 3006 rimase
1557 2982 1584 3007 la
1610 2984 1779 3014 supremazia
1805 2984 1833 3006 in
1854 2981 1951 3014 Carpi,

1975 2065 2006 2089 45

1978 2275 2011 2301 50

1978 2485 2008 2511 55

1978 2691 2013 2715 60

2010 423 2103 446 e.,35b
