<?xml version="1.0" encoding="UTF-8"?>
<!DOCTYPE html PUBLIC "-//W3C//DTD XHTML 1.0 Transitional//EN"
    "http://www.w3.org/TR/xhtml1/DTD/xhtml1-transitional.dtd">
<html xmlns="http://www.w3.org/1999/xhtml" xml:lang="en" lang="en">
 <head>
  <title>
</title>
<meta http-equiv="Content-Type" content="text/html;charset=utf-8" />
  <meta name='ocr-system' content='tesseract 3.04.00' />
  <meta name='ocr-capabilities' content='ocr_page ocr_carea ocr_par ocr_line ocrx_word'/>
</head>
<body>
  <div class='ocr_page' id='page_1' title='image "./p4f2rerumitalica15murauoft_0176.png"; bbox 0 0 2318 3603; ppageno 0'>
   <div class='ocr_carea' id='block_1_1' title="bbox 171 1321 302 1343">
    <p class='ocr_par' dir='ltr' id='par_1_1' title="bbox 171 1321 302 1343">
     <span class='ocr_line' id='line_1_1' title="bbox 171 1321 302 1343; baseline -0.015 -4"><span class='ocrx_word' id='word_1_1' title='bbox 171 1321 244 1341; x_wconf 65' lang='lat' dir='ltr'>Mra..</span> <span class='ocrx_word' id='word_1_2' title='bbox 264 1321 302 1343; x_wconf 67' lang='lat'>623</span> 
     </span>
    </p>
   </div>
   <div class='ocr_carea' id='block_1_2' title="bbox 299 2425 330 2441">
    <p class='ocr_par' dir='ltr' id='par_1_2' title="bbox 299 2425 330 2441">
     <span class='ocr_line' id='line_1_2' title="bbox 299 2425 330 2441; baseline 0 0"><span class='ocrx_word' id='word_1_3' title='bbox 299 2425 330 2441; x_wconf 85' lang='lat'>10</span> 
     </span>
    </p>
   </div>
   <div class='ocr_carea' id='block_1_3' title="bbox 303 2927 335 2944">
    <p class='ocr_par' dir='ltr' id='par_1_3' title="bbox 303 2927 335 2944">
     <span class='ocr_line' id='line_1_3' title="bbox 303 2927 335 2944; baseline -0.031 0"><span class='ocrx_word' id='word_1_4' title='bbox 303 2927 335 2944; x_wconf 82' lang='lat'>20</span> 
     </span>
    </p>
   </div>
   <div class='ocr_carea' id='block_1_4' title="bbox 946 241 2178 280">
    <p class='ocr_par' dir='ltr' id='par_1_4' title="bbox 946 241 2178 280">
     <span class='ocr_line' id='line_1_4' title="bbox 946 241 2178 280; baseline -0.005 -2"><span class='ocrx_word' id='word_1_5' title='bbox 946 242 1258 278; x_wconf 86' lang='lat' dir='ltr'>CHRONICON</span> <span class='ocrx_word' id='word_1_6' title='bbox 1288 241 1596 276; x_wconf 77' lang='lat' dir='ltr'>MUTINENSE</span> <span class='ocrx_word' id='word_1_7' title='bbox 1887 246 1968 280; x_wconf 81' lang='grc' dir='ltr'><strong>[ΑΑ.</strong></span> <span class='ocrx_word' id='word_1_8' title='bbox 1989 247 2178 279; x_wconf 60' lang='grc'><strong>13544355]</strong></span> 
     </span>
    </p>
   </div>
   <div class='ocr_carea' id='block_1_5' title="bbox 361 315 2175 326">
    <p class='ocr_par' dir='ltr' id='par_1_5' title="bbox 361 315 2175 326">
     <span class='ocr_line' id='line_1_5' title="bbox 361 315 2175 326; baseline -0.001 -2"><span class='ocrx_word' id='word_1_9' title='bbox 361 318 386 326; x_wconf 84' lang='lat'>...</span> <span class='ocrx_word' id='word_1_10' title='bbox 387 315 2159 326; x_wconf 56' lang='lat'>................................................................................................................................................................................................</span> <span class='ocrx_word' id='word_1_11' title='bbox 2162 315 2175 322; x_wconf 78' lang='lat'><em>-</em></span> 
     </span>
    </p>
   </div>
   <div class='ocr_carea' id='block_1_6' title="bbox 348 360 2190 1882">
    <p class='ocr_par' dir='ltr' id='par_1_6' title="bbox 349 360 2187 824">
     <span class='ocr_line' id='line_1_6' title="bbox 350 360 2183 406; baseline -0.001 -12"><span class='ocrx_word' id='word_1_12' title='bbox 350 364 419 406; x_wconf 83' lang='lat' dir='ltr'>xiiij</span> <span class='ocrx_word' id='word_1_13' title='bbox 445 362 646 404; x_wconf 87' lang='lat' dir='ltr'><strong>septembris</strong></span> <span class='ocrx_word' id='word_1_14' title='bbox 670 362 815 403; x_wconf 89' lang='lat' dir='ltr'>populus</span> <span class='ocrx_word' id='word_1_15' title='bbox 839 362 993 394; x_wconf 87' lang='lat' dir='ltr'>Mutinae</span> <span class='ocrx_word' id='word_1_16' title='bbox 1010 368 1128 403; x_wconf 88' lang='lat' dir='ltr'>portae</span> <span class='ocrx_word' id='word_1_17' title='bbox 1144 360 1300 393; x_wconf 86' lang='lat' dir='ltr'>Albareti</span> <span class='ocrx_word' id='word_1_18' title='bbox 1323 366 1357 392; x_wconf 89' lang='lat' dir='ltr'>et</span> <span class='ocrx_word' id='word_1_19' title='bbox 1379 367 1477 402; x_wconf 89' lang='lat' dir='ltr'>porte</span> <span class='ocrx_word' id='word_1_20' title='bbox 1494 360 1693 403; x_wconf 76' lang='lat' dir='ltr'>Bacuariae‚</span> <span class='ocrx_word' id='word_1_21' title='bbox 1711 362 1843 393; x_wconf 89' lang='lat' dir='ltr'>scilicet</span> <span class='ocrx_word' id='word_1_22' title='bbox 1860 362 1972 393; x_wconf 83' lang='lat' dir='ltr'>Ghelfi</span> <span class='ocrx_word' id='word_1_23' title='bbox 1989 367 2065 393; x_wconf 83' lang='lat' dir='ltr'>cuni</span> <span class='ocrx_word' id='word_1_24' title='bbox 2081 362 2183 392; x_wconf 81' lang='lat' dir='ltr'>armis</span> 
     </span>
     <span class='ocr_line' id='line_1_7' title="bbox 352 413 2182 456; baseline -0.002 -9"><span class='ocrx_word' id='word_1_25' title='bbox 352 422 386 447; x_wconf 89' lang='lat' dir='ltr'>et</span> <span class='ocrx_word' id='word_1_26' title='bbox 410 414 595 447; x_wconf 89' lang='lat' dir='ltr'>Ghibellini</span> <span class='ocrx_word' id='word_1_27' title='bbox 620 414 690 445; x_wconf 91' lang='lat' dir='ltr'>sine</span> <span class='ocrx_word' id='word_1_28' title='bbox 713 414 826 451; x_wconf 88' lang='lat' dir='ltr'>armis,</span> <span class='ocrx_word' id='word_1_29' title='bbox 851 424 928 446; x_wconf 91' lang='lat' dir='ltr'>cum</span> <span class='ocrx_word' id='word_1_30' title='bbox 946 414 1149 456; x_wconf 89' lang='lat' dir='ltr'>quibusdam</span> <span class='ocrx_word' id='word_1_31' title='bbox 1167 413 1330 444; x_wconf 80' lang='lat' dir='ltr'><strong>militibus</strong></span> <span class='ocrx_word' id='word_1_32' title='bbox 1346 413 1481 444; x_wconf 81' lang='lat' dir='ltr'>iverunt</span> <span class='ocrx_word' id='word_1_33' title='bbox 1504 413 1547 444; x_wconf 84' lang='lat' dir='ltr'>ad</span> <span class='ocrx_word' id='word_1_34' title='bbox 1572 420 1720 445; x_wconf 83' lang='lat' dir='ltr'><strong>castrum</strong></span> <span class='ocrx_word' id='word_1_35' title='bbox 1745 415 1772 445; x_wconf 90' lang='lat' dir='ltr'>F</span> <span class='ocrx_word' id='word_1_36' title='bbox 1777 413 1896 450; x_wconf 88' lang='lat' dir='ltr'>lorani,</span> <span class='ocrx_word' id='word_1_37' title='bbox 1921 414 2015 455; x_wconf 93' lang='lat' dir='ltr'>quod</span> <span class='ocrx_word' id='word_1_38' title='bbox 2035 420 2182 445; x_wconf 89' lang='lat' dir='ltr'>castrum</span> 
     </span>
     <span class='ocr_line' id='line_1_8' title="bbox 351 464 2183 507; baseline -0.002 -8"><span class='ocrx_word' id='word_1_39' title='bbox 351 468 464 500; x_wconf 87' lang='lat' dir='ltr'>statim</span> <span class='ocrx_word' id='word_1_40' title='bbox 487 468 604 500; x_wconf 84' lang='lat' dir='ltr'>datum</span> <span class='ocrx_word' id='word_1_41' title='bbox 627 472 661 498; x_wconf 92' lang='lat' dir='ltr'>et</span> <span class='ocrx_word' id='word_1_42' title='bbox 683 466 854 498; x_wconf 86' lang='lat' dir='ltr'>redditum</span> <span class='ocrx_word' id='word_1_43' title='bbox 879 466 944 497; x_wconf 73' lang='lat' dir='ltr'>fuit</span> <span class='ocrx_word' id='word_1_44' title='bbox 965 475 1029 507; x_wconf 88' lang='lat' dir='ltr'>per</span> <span class='ocrx_word' id='word_1_45' title='bbox 1051 466 1197 497; x_wconf 85' lang='lat' dir='ltr'>rusticos</span> <span class='ocrx_word' id='word_1_46' title='bbox 1220 464 1393 496; x_wconf 87' lang='lat' dir='ltr'>nobilibus</span> <span class='ocrx_word' id='word_1_47' title='bbox 1416 465 1458 496; x_wconf 90' lang='lat' dir='ltr'>de</span> <span class='ocrx_word' id='word_1_48' title='bbox 1484 465 1621 497; x_wconf 86' lang='lat' dir='ltr'>Sassolo</span> <span class='ocrx_word' id='word_1_49' title='bbox 1645 473 1764 503; x_wconf 88' lang='lat' dir='ltr'>totum,</span> <span class='ocrx_word' id='word_1_50' title='bbox 1795 471 1939 506; x_wconf 75' lang='lat' dir='ltr'>excepta</span> <span class='ocrx_word' id='word_1_51' title='bbox 1962 466 2056 503; x_wconf 86' lang='lat' dir='ltr'>turri,</span> <span class='ocrx_word' id='word_1_52' title='bbox 2081 476 2183 507; x_wconf 84' lang='lat' dir='ltr'>super</span> 
     </span>
     <span class='ocr_line' id='line_1_9' title="bbox 349 517 2182 563; baseline -0.002 -11"><span class='ocrx_word' id='word_1_53' title='bbox 349 531 416 563; x_wconf 92' lang='lat' dir='ltr'>qua</span> <span class='ocrx_word' id='word_1_54' title='bbox 440 520 600 552; x_wconf 89' lang='lat' dir='ltr'>custodes</span> <span class='ocrx_word' id='word_1_55' title='bbox 623 520 780 551; x_wconf 76' lang='lat' dir='ltr'>forenses</span> <span class='ocrx_word' id='word_1_56' title='bbox 803 519 936 550; x_wconf 90' lang='lat' dir='ltr'>domini</span> <span class='ocrx_word' id='word_1_57' title='bbox 959 517 1225 558; x_wconf 82' lang='lat' dir='ltr'>Archiepiscopi</span> <span class='ocrx_word' id='word_1_58' title='bbox 1249 517 1493 559; x_wconf 80' lang='lat' dir='ltr'>confugierunt</span> <span class='ocrx_word' id='word_1_59' title='bbox 1516 517 1631 560; x_wconf 81' lang='lat' dir='ltr'>ibique</span> <span class='ocrx_word' id='word_1_60' title='bbox 1657 528 1762 560; x_wconf 88' lang='lat' dir='ltr'>usque</span> <span class='ocrx_word' id='word_1_61' title='bbox 1786 519 1831 549; x_wconf 93' lang='lat' dir='ltr'>ad</span> <span class='ocrx_word' id='word_1_62' title='bbox 1855 518 1947 549; x_wconf 89' lang='lat' dir='ltr'>diem</span> <span class='ocrx_word' id='word_1_63' title='bbox 1963 518 2018 559; x_wconf 83' lang='lat' dir='ltr'>xvj</span> <span class='ocrx_word' id='word_1_64' title='bbox 2037 524 2182 559; x_wconf 87' lang='lat' dir='ltr'>septem-</span> 
     </span>
     <span class='ocr_line' id='line_1_10' title="bbox 350 569 2185 613; baseline -0.002 -9"><span class='ocrx_word' id='word_1_65' title='bbox 350 574 420 605; x_wconf 89' lang='lat' dir='ltr'><strong>bris</strong></span> <span class='ocrx_word' id='word_1_66' title='bbox 435 573 580 604; x_wconf 88' lang='lat' dir='ltr'>viriliter</span> <span class='ocrx_word' id='word_1_67' title='bbox 602 571 664 613; x_wconf 88' lang='lat' dir='ltr'>[se]</span> <span class='ocrx_word' id='word_1_68' title='bbox 681 571 919 608; x_wconf 77' lang='lat' dir='ltr'>defendentes,</span> <span class='ocrx_word' id='word_1_69' title='bbox 937 576 971 602; x_wconf 89' lang='lat' dir='ltr'>et</span> <span class='ocrx_word' id='word_1_70' title='bbox 988 570 1082 601; x_wconf 91' lang='lat' dir='ltr'>dicto</span> <span class='ocrx_word' id='word_1_71' title='bbox 1100 570 1154 600; x_wconf 90' lang='lat' dir='ltr'>die</span> <span class='ocrx_word' id='word_1_72' title='bbox 1172 580 1192 600; x_wconf 93' lang='lat' dir='ltr'>a</span> <span class='ocrx_word' id='word_1_73' title='bbox 1209 569 1348 600; x_wconf 90' lang='lat' dir='ltr'>domino</span> <span class='ocrx_word' id='word_1_74' title='bbox 1365 569 1520 600; x_wconf 86' lang='lat' dir='ltr'>Galassio</span> <span class='ocrx_word' id='word_1_75' title='bbox 1536 570 1579 601; x_wconf 90' lang='lat' dir='ltr'>de</span> <span class='ocrx_word' id='word_1_76' title='bbox 1597 570 1667 601; x_wconf 90' lang='lat' dir='ltr'>Piis</span> <span class='ocrx_word' id='word_1_77' title='bbox 1683 577 1717 601; x_wconf 87' lang='lat' dir='ltr'>et</span> <span class='ocrx_word' id='word_1_78' title='bbox 1733 581 1753 601; x_wconf 90' lang='lat' dir='ltr'>a</span> <span class='ocrx_word' id='word_1_79' title='bbox 1769 576 1872 612; x_wconf 85' lang='lat' dir='ltr'>gente</span> <span class='ocrx_word' id='word_1_80' title='bbox 1887 570 2017 601; x_wconf 86' lang='lat' dir='ltr'>domini</span> <span class='ocrx_word' id='word_1_81' title='bbox 2039 569 2185 601; x_wconf 81' lang='lat' dir='ltr'>Archie-</span> 
     </span>
     <span class='ocr_line' id='line_1_11' title="bbox 351 621 2183 667; baseline -0.002 -10"><span class='ocrx_word' id='word_1_82' title='bbox 351 626 482 667; x_wconf 87' lang='lat' dir='ltr'>piscopi</span> <span class='ocrx_word' id='word_1_83' title='bbox 507 631 541 656; x_wconf 86' lang='lat' dir='ltr'>et</span> <span class='ocrx_word' id='word_1_84' title='bbox 564 623 608 655; x_wconf 89' lang='lat' dir='ltr'>ab</span> <span class='ocrx_word' id='word_1_85' title='bbox 631 624 750 655; x_wconf 90' lang='lat' dir='ltr'>amicis</span> <span class='ocrx_word' id='word_1_86' title='bbox 774 622 1072 654; x_wconf 85' lang='lat' dir='ltr'>circumstantibus</span> <span class='ocrx_word' id='word_1_87' title='bbox 1096 631 1294 653; x_wconf 86' lang='lat' dir='ltr'>succursum</span> <span class='ocrx_word' id='word_1_88' title='bbox 1319 627 1353 652; x_wconf 86' lang='lat' dir='ltr'>et</span> <span class='ocrx_word' id='word_1_89' title='bbox 1377 621 1541 652; x_wconf 80' lang='lat' dir='ltr'>auxilium</span> <span class='ocrx_word' id='word_1_90' title='bbox 1565 622 1769 654; x_wconf 87' lang='lat' dir='ltr'>habuerunt.</span> <span class='ocrx_word' id='word_1_91' title='bbox 1815 622 1859 654; x_wconf 86' lang='lat' dir='ltr'>Et</span> <span class='ocrx_word' id='word_1_92' title='bbox 1884 629 1964 654; x_wconf 89' lang='lat' dir='ltr'>tunc</span> <span class='ocrx_word' id='word_1_93' title='bbox 1989 622 2116 653; x_wconf 88' lang='lat' dir='ltr'>milites</span> <span class='ocrx_word' id='word_1_94' title='bbox 2139 622 2183 653; x_wconf 87' lang='lat' dir='ltr'>de</span> 
     </span>
     <span class='ocr_line' id='line_1_12' title="bbox 350 674 2185 718; baseline -0.002 -9"><span class='ocrx_word' id='word_1_95' title='bbox 350 679 484 710; x_wconf 73' lang='lat' dir='ltr'>Mutina</span> <span class='ocrx_word' id='word_1_96' title='bbox 508 684 542 709; x_wconf 90' lang='lat' dir='ltr'>et</span> <span class='ocrx_word' id='word_1_97' title='bbox 565 676 711 718; x_wconf 86' lang='lat' dir='ltr'>populus</span> <span class='ocrx_word' id='word_1_98' title='bbox 734 682 825 708; x_wconf 87' lang='lat' dir='ltr'>totus</span> <span class='ocrx_word' id='word_1_99' title='bbox 848 676 966 718; x_wconf 76' lang='lat' dir='ltr'>fugam</span> <span class='ocrx_word' id='word_1_100' title='bbox 990 674 1216 715; x_wconf 83' lang='lat' dir='ltr'>arripuerunt,</span> <span class='ocrx_word' id='word_1_101' title='bbox 1235 674 1342 715; x_wconf 80' lang='lat' dir='ltr'>aliqui</span> <span class='ocrx_word' id='word_1_102' title='bbox 1359 675 1403 705; x_wconf 91' lang='lat' dir='ltr'>ad</span> <span class='ocrx_word' id='word_1_103' title='bbox 1421 674 1603 712; x_wconf 80' lang='lat' dir='ltr'>Sassolum,</span> <span class='ocrx_word' id='word_1_104' title='bbox 1621 675 1725 717; x_wconf 90' lang='lat' dir='ltr'>aliqui</span> <span class='ocrx_word' id='word_1_105' title='bbox 1742 676 1788 706; x_wconf 93' lang='lat' dir='ltr'>ad</span> <span class='ocrx_word' id='word_1_106' title='bbox 1804 676 1872 706; x_wconf 87' lang='lat' dir='ltr'>alia</span> <span class='ocrx_word' id='word_1_107' title='bbox 1889 681 2003 706; x_wconf 89' lang='lat' dir='ltr'>castra</span> <span class='ocrx_word' id='word_1_108' title='bbox 2019 681 2088 706; x_wconf 82' lang='lat' dir='ltr'>tam</span> <span class='ocrx_word' id='word_1_109' title='bbox 2104 685 2185 716; x_wconf 92' lang='lat' dir='ltr'>pro—</span> 
     </span>
     <span class='ocr_line' id='line_1_13' title="bbox 349 725 2187 772; baseline -0.002 -11"><span class='ocrx_word' id='word_1_110' title='bbox 349 730 425 772; x_wconf 87' lang='lat' dir='ltr'>pria</span> <span class='ocrx_word' id='word_1_111' title='bbox 441 740 541 772; x_wconf 90' lang='lat' dir='ltr'>quam</span> <span class='ocrx_word' id='word_1_112' title='bbox 558 729 700 761; x_wconf 87' lang='lat' dir='ltr'>rebellia</span> <span class='ocrx_word' id='word_1_113' title='bbox 717 727 974 770; x_wconf 78' lang='lat' dir='ltr'>confugierunt3</span> <span class='ocrx_word' id='word_1_114' title='bbox 992 737 1034 758; x_wconf 80' lang='lat' dir='ltr'>ex</span> <span class='ocrx_word' id='word_1_115' title='bbox 1050 726 1173 768; x_wconf 92' lang='lat' dir='ltr'>quibus</span> <span class='ocrx_word' id='word_1_116' title='bbox 1190 725 1411 767; x_wconf 88' lang='lat' dir='ltr'>popularibus</span> <span class='ocrx_word' id='word_1_117' title='bbox 1426 727 1521 763; x_wconf 87' lang='lat' dir='ltr'>multi</span> <span class='ocrx_word' id='word_1_118' title='bbox 1538 727 1677 758; x_wconf 81' lang='lat' dir='ltr'>fuerunt</span> <span class='ocrx_word' id='word_1_119' title='bbox 1695 727 1787 768; x_wconf 91' lang='lat' dir='ltr'>capti</span> <span class='ocrx_word' id='word_1_120' title='bbox 1805 733 1839 758; x_wconf 90' lang='lat' dir='ltr'>et</span> <span class='ocrx_word' id='word_1_121' title='bbox 1855 727 1900 758; x_wconf 92' lang='lat' dir='ltr'>ad</span> <span class='ocrx_word' id='word_1_122' title='bbox 1917 733 2028 758; x_wconf 88' lang='lat' dir='ltr'>castra</span> <span class='ocrx_word' id='word_1_123' title='bbox 2043 726 2187 758; x_wconf 86' lang='lat' dir='ltr'>rebellia</span> 
     </span>
     <span class='ocr_line' id='line_1_14' title="bbox 352 778 2020 824; baseline -0.002 -9"><span class='ocrx_word' id='word_1_124' title='bbox 352 783 529 820; x_wconf 86' lang='lat' dir='ltr'>carcerati,</span> <span class='ocrx_word' id='word_1_125' title='bbox 555 782 612 824; x_wconf 92' lang='lat' dir='ltr'>qui</span> <span class='ocrx_word' id='word_1_126' title='bbox 635 787 755 823; x_wconf 90' lang='lat' dir='ltr'>postea</span> <span class='ocrx_word' id='word_1_127' title='bbox 777 791 813 812; x_wconf 90' lang='lat' dir='ltr'>se</span> <span class='ocrx_word' id='word_1_128' title='bbox 837 780 976 822; x_wconf 88' lang='lat' dir='ltr'>propria</span> <span class='ocrx_word' id='word_1_129' title='bbox 999 779 1147 820; x_wconf 90' lang='lat' dir='ltr'>pecunia</span> <span class='ocrx_word' id='word_1_130' title='bbox 1170 779 1381 810; x_wconf 85' lang='lat' dir='ltr'>redimerunt</span> <span class='ocrx_word' id='word_1_131' title='bbox 1405 778 1463 819; x_wconf 90' lang='lat' dir='ltr'>[et]</span> <span class='ocrx_word' id='word_1_132' title='bbox 1488 779 1643 810; x_wconf 90' lang='lat' dir='ltr'>Mutinae</span> <span class='ocrx_word' id='word_1_133' title='bbox 1667 785 1788 821; x_wconf 87' lang='lat' dir='ltr'>postea</span> <span class='ocrx_word' id='word_1_134' title='bbox 1811 780 1988 811; x_wconf 84' lang='lat' dir='ltr'>redierunt</span> <span class='ocrx_word' id='word_1_135' title='bbox 2002 779 2020 811; x_wconf 88' lang='lat'>¹.</span> 
     </span>
    </p>

    <p class='ocr_par' dir='ltr' id='par_1_7' title="bbox 348 830 2190 1882">
     <span class='ocr_line' id='line_1_15' title="bbox 436 830 2186 872; baseline -0.002 -5"><span class='ocrx_word' id='word_1_136' title='bbox 436 835 538 868; x_wconf 87' lang='lat' dir='ltr'>Anno</span> <span class='ocrx_word' id='word_1_137' title='bbox 555 835 695 867; x_wconf 88' lang='lat' dir='ltr'>Domini</span> <span class='ocrx_word' id='word_1_138' title='bbox 719 834 824 866; x_wconf 86' lang='lat' dir='ltr'>nostri</span> <span class='ocrx_word' id='word_1_139' title='bbox 848 834 924 864; x_wconf 86' lang='lat' dir='ltr'>Iesu</span> <span class='ocrx_word' id='word_1_140' title='bbox 948 832 1074 865; x_wconf 87' lang='lat' dir='ltr'>Christi</span> <span class='ocrx_word' id='word_1_141' title='bbox 1097 830 1273 872; x_wconf 88' lang='lat' dir='ltr'>[M.ccclv]</span> <span class='ocrx_word' id='word_1_142' title='bbox 1297 831 1470 862; x_wconf 87' lang='lat' dir='ltr'>indicione</span> <span class='ocrx_word' id='word_1_143' title='bbox 1503 838 1625 863; x_wconf 88' lang='lat' dir='ltr'>octava</span> <span class='ocrx_word' id='word_1_144' title='bbox 1657 833 1774 864; x_wconf 91' lang='lat' dir='ltr'>ultimo</span> <span class='ocrx_word' id='word_1_145' title='bbox 1806 833 2000 865; x_wconf 89' lang='lat' dir='ltr'>decembris</span> <span class='ocrx_word' id='word_1_146' title='bbox 2029 832 2186 864; x_wconf 88' lang='lat' dir='ltr'>dominus</span> 
     </span>
     <span class='ocr_line' id='line_1_16' title="bbox 352 884 2187 930; baseline -0.003 -9"><span class='ocrx_word' id='word_1_147' title='bbox 352 889 495 921; x_wconf 85' lang='lat' dir='ltr'>Carolus</span> <span class='ocrx_word' id='word_1_148' title='bbox 518 894 616 921; x_wconf 83' lang='lat' dir='ltr'>natus</span> <span class='ocrx_word' id='word_1_149' title='bbox 639 887 810 930; x_wconf 90' lang='lat' dir='ltr'>quondam</span> <span class='ocrx_word' id='word_1_150' title='bbox 829 886 958 918; x_wconf 91' lang='lat' dir='ltr'>domini</span> <span class='ocrx_word' id='word_1_151' title='bbox 976 885 1137 916; x_wconf 84' lang='lat' dir='ltr'>Iohannis</span> <span class='ocrx_word' id='word_1_152' title='bbox 1152 884 1260 926; x_wconf 87' lang='lat' dir='ltr'>Regis</span> <span class='ocrx_word' id='word_1_153' title='bbox 1276 884 1436 915; x_wconf 86' lang='lat' dir='ltr'>Boemiae</span> <span class='ocrx_word' id='word_1_154' title='bbox 1452 894 1494 915; x_wconf 90' lang='lat' dir='ltr'>ac</span> <span class='ocrx_word' id='word_1_155' title='bbox 1512 884 1699 925; x_wconf 86' lang='lat' dir='ltr'>Imperator</span> <span class='ocrx_word' id='word_1_156' title='bbox 1717 885 1846 917; x_wconf 89' lang='lat' dir='ltr'>electus</span> <span class='ocrx_word' id='word_1_157' title='bbox 1862 886 1956 916; x_wconf 88' lang='lat' dir='ltr'>venit</span> <span class='ocrx_word' id='word_1_158' title='bbox 1973 886 2016 917; x_wconf 93' lang='lat' dir='ltr'>de</span> <span class='ocrx_word' id='word_1_159' title='bbox 2032 884 2187 926; x_wconf 89' lang='lat' dir='ltr'>partibus</span> 
     </span>
     <span class='ocr_line' id='line_1_17' title="bbox 349 936 2185 980; baseline -0.003 -6"><span class='ocrx_word' id='word_1_160' title='bbox 349 942 550 975; x_wconf 85' lang='lat' dir='ltr'>Alamaniae</span> <span class='ocrx_word' id='word_1_161' title='bbox 575 941 620 973; x_wconf 89' lang='lat' dir='ltr'>ad</span> <span class='ocrx_word' id='word_1_162' title='bbox 643 940 816 971; x_wconf 86' lang='lat' dir='ltr'>civitatem</span> <span class='ocrx_word' id='word_1_163' title='bbox 832 938 996 970; x_wconf 78' lang='lat' dir='ltr'>Mantuae</span> <span class='ocrx_word' id='word_1_164' title='bbox 1014 948 1091 968; x_wconf 87' lang='lat' dir='ltr'>cum</span> <span class='ocrx_word' id='word_1_165' title='bbox 1107 947 1220 978; x_wconf 90' lang='lat' dir='ltr'>pauca</span> <span class='ocrx_word' id='word_1_166' title='bbox 1235 943 1336 980; x_wconf 87' lang='lat' dir='ltr'>gente</span> <span class='ocrx_word' id='word_1_167' title='bbox 1361 936 1420 977; x_wconf 87' lang='lat' dir='ltr'>[et]</span> <span class='ocrx_word' id='word_1_168' title='bbox 1437 936 1499 967; x_wconf 90' lang='lat' dir='ltr'>ivit</span> <span class='ocrx_word' id='word_1_169' title='bbox 1521 937 1756 969; x_wconf 88' lang='lat' dir='ltr'>Mediolanum</span> <span class='ocrx_word' id='word_1_170' title='bbox 1781 944 1814 969; x_wconf 90' lang='lat' dir='ltr'>et</span> <span class='ocrx_word' id='word_1_171' title='bbox 1837 938 1886 969; x_wconf 93' lang='lat' dir='ltr'>ibi</span> <span class='ocrx_word' id='word_1_172' title='bbox 1908 938 1976 969; x_wconf 74' lang='lat' dir='ltr'>fuit</span> <span class='ocrx_word' id='word_1_173' title='bbox 1999 937 2185 969; x_wconf 88' lang='lat' dir='ltr'>honorifice</span> 
     </span>
     <span class='ocr_line' id='line_1_18' title="bbox 350 989 2186 1037; baseline -0.004 -9"><span class='ocrx_word' id='word_1_174' title='bbox 350 1001 509 1037; x_wconf 89' lang='lat' dir='ltr'>receptus</span> <span class='ocrx_word' id='word_1_175' title='bbox 532 1005 552 1026; x_wconf 89' lang='lat' dir='ltr'>a</span> <span class='ocrx_word' id='word_1_176' title='bbox 576 993 714 1026; x_wconf 90' lang='lat' dir='ltr'>domino</span> <span class='ocrx_word' id='word_1_177' title='bbox 739 991 918 1023; x_wconf 88' lang='lat' dir='ltr'>Bernaboe</span> <span class='ocrx_word' id='word_1_178' title='bbox 942 997 975 1022; x_wconf 89' lang='lat' dir='ltr'>et</span> <span class='ocrx_word' id='word_1_179' title='bbox 998 990 1041 1022; x_wconf 89' lang='lat' dir='ltr'>ab</span> <span class='ocrx_word' id='word_1_180' title='bbox 1065 990 1142 1021; x_wconf 89' lang='lat' dir='ltr'>aliis</span> <span class='ocrx_word' id='word_1_181' title='bbox 1158 989 1441 1026; x_wconf 88' lang='lat' dir='ltr'>Vicecomitibus‚</span> <span class='ocrx_word' id='word_1_182' title='bbox 1467 989 1525 1031; x_wconf 86' lang='lat' dir='ltr'>qui</span> <span class='ocrx_word' id='word_1_183' title='bbox 1544 990 1657 1021; x_wconf 90' lang='lat' dir='ltr'>dictae</span> <span class='ocrx_word' id='word_1_184' title='bbox 1675 990 1822 1023; x_wconf 89' lang='lat' dir='ltr'>civitatis</span> <span class='ocrx_word' id='word_1_185' title='bbox 1838 990 2031 1022; x_wconf 87' lang='lat' dir='ltr'>Mediolani</span> <span class='ocrx_word' id='word_1_186' title='bbox 2049 997 2084 1022; x_wconf 90' lang='lat' dir='ltr'>et</span> <span class='ocrx_word' id='word_1_187' title='bbox 2100 990 2186 1021; x_wconf 86' lang='lat' dir='ltr'>mul-</span> 
     </span>
     <span class='ocr_line' id='line_1_19' title="bbox 351 1042 2184 1086; baseline -0.004 -5"><span class='ocrx_word' id='word_1_188' title='bbox 351 1056 460 1081; x_wconf 83' lang='lat' dir='ltr'>tarum</span> <span class='ocrx_word' id='word_1_189' title='bbox 484 1048 626 1080; x_wconf 88' lang='lat' dir='ltr'>aliarum</span> <span class='ocrx_word' id='word_1_190' title='bbox 651 1046 826 1077; x_wconf 78' lang='lat' dir='ltr'>civitatum</span> <span class='ocrx_word' id='word_1_191' title='bbox 848 1044 1078 1076; x_wconf 87' lang='lat' dir='ltr'>Lombardiae</span> <span class='ocrx_word' id='word_1_192' title='bbox 1103 1042 1289 1074; x_wconf 86' lang='lat' dir='ltr'>dominium</span> <span class='ocrx_word' id='word_1_193' title='bbox 1314 1042 1517 1079; x_wconf 87' lang='lat' dir='ltr'>retinebant,</span> <span class='ocrx_word' id='word_1_194' title='bbox 1535 1048 1570 1074; x_wconf 86' lang='lat' dir='ltr'>et</span> <span class='ocrx_word' id='word_1_195' title='bbox 1593 1043 1648 1074; x_wconf 92' lang='lat' dir='ltr'>die</span> <span class='ocrx_word' id='word_1_196' title='bbox 1672 1044 1788 1074; x_wconf 85' lang='lat' dir='ltr'>martis</span> <span class='ocrx_word' id='word_1_197' title='bbox 1810 1044 1842 1086; x_wconf 84' lang='lat' dir='ltr'>vj</span> <span class='ocrx_word' id='word_1_198' title='bbox 1869 1044 2013 1075; x_wconf 88' lang='lat' dir='ltr'>ianuarii</span> <span class='ocrx_word' id='word_1_199' title='bbox 2036 1044 2071 1074; x_wconf 91' lang='lat' dir='ltr'>in</span> <span class='ocrx_word' id='word_1_200' title='bbox 2094 1043 2184 1074; x_wconf 80' lang='lat' dir='ltr'>festo</span> 
     </span>
     <span class='ocr_line' id='line_1_20' title="bbox 350 1095 2187 1143; baseline -0.004 -10"><span class='ocrx_word' id='word_1_201' title='bbox 350 1100 533 1143; x_wconf 77' lang='lat' dir='ltr'>Epifaniae</span> <span class='ocrx_word' id='word_1_202' title='bbox 556 1099 622 1132; x_wconf 79' lang='lat' dir='ltr'>fuit</span> <span class='ocrx_word' id='word_1_203' title='bbox 645 1109 774 1131; x_wconf 89' lang='lat' dir='ltr'>corona</span> <span class='ocrx_word' id='word_1_204' title='bbox 796 1098 910 1129; x_wconf 81' lang='lat' dir='ltr'>ferrea</span> <span class='ocrx_word' id='word_1_205' title='bbox 933 1107 1009 1128; x_wconf 91' lang='lat' dir='ltr'>cum</span> <span class='ocrx_word' id='word_1_206' title='bbox 1033 1096 1159 1139; x_wconf 89' lang='lat' dir='ltr'>gaudio</span> <span class='ocrx_word' id='word_1_207' title='bbox 1184 1102 1218 1127; x_wconf 90' lang='lat' dir='ltr'>et</span> <span class='ocrx_word' id='word_1_208' title='bbox 1242 1095 1373 1127; x_wconf 88' lang='lat' dir='ltr'>laetitia</span> <span class='ocrx_word' id='word_1_209' title='bbox 1397 1102 1577 1127; x_wconf 81' lang='lat' dir='ltr'>coronatus</span> <span class='ocrx_word' id='word_1_210' title='bbox 1601 1102 1635 1126; x_wconf 88' lang='lat' dir='ltr'>et</span> <span class='ocrx_word' id='word_1_211' title='bbox 1658 1101 1741 1127; x_wconf 88' lang='lat' dir='ltr'>tunc</span> <span class='ocrx_word' id='word_1_212' title='bbox 1757 1096 1851 1128; x_wconf 89' lang='lat' dir='ltr'>multi</span> <span class='ocrx_word' id='word_1_213' title='bbox 1869 1096 2000 1128; x_wconf 87' lang='lat' dir='ltr'>nobiles</span> <span class='ocrx_word' id='word_1_214' title='bbox 2018 1096 2187 1127; x_wconf 91' lang='lat' dir='ltr'>lombardi</span> 
     </span>
     <span class='ocr_line' id='line_1_21' title="bbox 348 1147 2186 1194; baseline -0.004 -8"><span class='ocrx_word' id='word_1_215' title='bbox 348 1155 489 1186; x_wconf 79' lang='lat' dir='ltr'>fuerunt</span> <span class='ocrx_word' id='word_1_216' title='bbox 513 1153 556 1185; x_wconf 92' lang='lat' dir='ltr'>ab</span> <span class='ocrx_word' id='word_1_217' title='bbox 578 1153 654 1194; x_wconf 90' lang='lat' dir='ltr'>ipso</span> <span class='ocrx_word' id='word_1_218' title='bbox 678 1151 817 1184; x_wconf 92' lang='lat' dir='ltr'>domino</span> <span class='ocrx_word' id='word_1_219' title='bbox 841 1151 1050 1192; x_wconf 82' lang='lat' dir='ltr'>Imperatore</span> <span class='ocrx_word' id='word_1_220' title='bbox 1075 1155 1110 1180; x_wconf 89' lang='lat' dir='ltr'>et</span> <span class='ocrx_word' id='word_1_221' title='bbox 1133 1148 1176 1180; x_wconf 90' lang='lat' dir='ltr'>ab</span> <span class='ocrx_word' id='word_1_222' title='bbox 1199 1149 1275 1180; x_wconf 90' lang='lat' dir='ltr'>aliis</span> <span class='ocrx_word' id='word_1_223' title='bbox 1290 1147 1496 1180; x_wconf 86' lang='lat' dir='ltr'>Lombardis</span> <span class='ocrx_word' id='word_1_224' title='bbox 1511 1148 1640 1180; x_wconf 89' lang='lat' dir='ltr'>ibidem</span> <span class='ocrx_word' id='word_1_225' title='bbox 1656 1149 1876 1181; x_wconf 79' lang='lat' dir='ltr'>existentibus</span> <span class='ocrx_word' id='word_1_226' title='bbox 1892 1149 2028 1180; x_wconf 87' lang='lat' dir='ltr'>militari</span> <span class='ocrx_word' id='word_1_227' title='bbox 2046 1149 2186 1191; x_wconf 87' lang='lat' dir='ltr'>cingulo</span> 
     </span>
     <span class='ocr_line' id='line_1_22' title="bbox 349 1201 2187 1245; baseline -0.004 -6"><span class='ocrx_word' id='word_1_228' title='bbox 349 1206 512 1239; x_wconf 89' lang='lat' dir='ltr'>decorati.</span> <span class='ocrx_word' id='word_1_229' title='bbox 558 1205 603 1237; x_wconf 92' lang='lat' dir='ltr'>Et</span> <span class='ocrx_word' id='word_1_230' title='bbox 626 1204 684 1236; x_wconf 90' lang='lat' dir='ltr'>die</span> <span class='ocrx_word' id='word_1_231' title='bbox 708 1204 808 1235; x_wconf 89' lang='lat' dir='ltr'>lunae</span> <span class='ocrx_word' id='word_1_232' title='bbox 831 1203 876 1245; x_wconf 83' lang='lat' dir='ltr'>xij</span> <span class='ocrx_word' id='word_1_233' title='bbox 904 1202 1049 1234; x_wconf 86' lang='lat' dir='ltr'>ianuarii</span> <span class='ocrx_word' id='word_1_234' title='bbox 1074 1203 1117 1234; x_wconf 87' lang='lat' dir='ltr'>ab</span> <span class='ocrx_word' id='word_1_235' title='bbox 1140 1202 1218 1242; x_wconf 90' lang='lat' dir='ltr'>ipsa</span> <span class='ocrx_word' id='word_1_236' title='bbox 1241 1201 1380 1233; x_wconf 81' lang='lat' dir='ltr'>civitate</span> <span class='ocrx_word' id='word_1_237' title='bbox 1411 1201 1568 1232; x_wconf 88' lang='lat' dir='ltr'>discessit</span> <span class='ocrx_word' id='word_1_238' title='bbox 1590 1201 1635 1232; x_wconf 88' lang='lat' dir='ltr'>ad</span> <span class='ocrx_word' id='word_1_239' title='bbox 1658 1201 1810 1244; x_wconf 83' lang='lat' dir='ltr'>Burgum</span> <span class='ocrx_word' id='word_1_240' title='bbox 1835 1201 1953 1234; x_wconf 88' lang='lat' dir='ltr'>Sancti</span> <span class='ocrx_word' id='word_1_241' title='bbox 1977 1202 2104 1233; x_wconf 90' lang='lat' dir='ltr'>Donini</span> <span class='ocrx_word' id='word_1_242' title='bbox 2135 1202 2187 1233; x_wconf 91' lang='lat' dir='ltr'>di-</span> 
     </span>
     <span class='ocr_line' id='line_1_23' title="bbox 350 1253 2187 1302; baseline -0.003 -11"><span class='ocrx_word' id='word_1_243' title='bbox 350 1260 467 1302; x_wconf 87' lang='lat' dir='ltr'>rigens</span> <span class='ocrx_word' id='word_1_244' title='bbox 489 1268 625 1301; x_wconf 87' lang='lat' dir='ltr'>gressus</span> <span class='ocrx_word' id='word_1_245' title='bbox 648 1267 726 1289; x_wconf 91' lang='lat' dir='ltr'>suos</span> <span class='ocrx_word' id='word_1_246' title='bbox 749 1263 782 1288; x_wconf 89' lang='lat' dir='ltr'>et</span> <span class='ocrx_word' id='word_1_247' title='bbox 804 1255 884 1287; x_wconf 89' lang='lat' dir='ltr'>inde</span> <span class='ocrx_word' id='word_1_248' title='bbox 908 1255 942 1286; x_wconf 91' lang='lat' dir='ltr'>in</span> <span class='ocrx_word' id='word_1_249' title='bbox 966 1255 1126 1287; x_wconf 89' lang='lat' dir='ltr'>Tusciam</span> <span class='ocrx_word' id='word_1_250' title='bbox 1151 1255 1195 1286; x_wconf 88' lang='lat' dir='ltr'>ad</span> <span class='ocrx_word' id='word_1_251' title='bbox 1220 1253 1408 1286; x_wconf 85' lang='lat' dir='ltr'>civitatem&#39;</span> <span class='ocrx_word' id='word_1_252' title='bbox 1433 1254 1592 1285; x_wconf 87' lang='lat' dir='ltr'>Pisanam</span> <span class='ocrx_word' id='word_1_253' title='bbox 1615 1265 1691 1286; x_wconf 88' lang='lat' dir='ltr'>cum</span> <span class='ocrx_word' id='word_1_254' title='bbox 1708 1265 1768 1286; x_wconf 91' lang='lat' dir='ltr'>sua</span> <span class='ocrx_word' id='word_1_255' title='bbox 1792 1256 1996 1298; x_wconf 88' lang='lat' dir='ltr'>compagnia</span> <span class='ocrx_word' id='word_1_256' title='bbox 2018 1255 2187 1296; x_wconf 77' lang='lat' dir='ltr'>pervenit,</span> 
     </span>
     <span class='ocr_line' id='line_1_24' title="bbox 349 1307 2187 1354; baseline -0.003 -11"><span class='ocrx_word' id='word_1_257' title='bbox 349 1313 383 1343; x_wconf 92' lang='lat' dir='ltr'>in</span> <span class='ocrx_word' id='word_1_258' title='bbox 401 1323 468 1354; x_wconf 89' lang='lat' dir='ltr'>qua</span> <span class='ocrx_word' id='word_1_259' title='bbox 490 1310 678 1343; x_wconf 88' lang='lat' dir='ltr'>honorifice</span> <span class='ocrx_word' id='word_1_260' title='bbox 701 1309 854 1341; x_wconf 87' lang='lat' dir='ltr'>introivit</span> <span class='ocrx_word' id='word_1_261' title='bbox 877 1308 1004 1340; x_wconf 84' lang='lat' dir='ltr'>vadens</span> <span class='ocrx_word' id='word_1_262' title='bbox 1027 1308 1174 1340; x_wconf 89' lang='lat' dir='ltr'>Romam</span> <span class='ocrx_word' id='word_1_263' title='bbox 1196 1314 1234 1339; x_wconf 91' lang='lat' dir='ltr'>ut</span> <span class='ocrx_word' id='word_1_264' title='bbox 1257 1307 1305 1339; x_wconf 92' lang='lat' dir='ltr'>ibi</span> <span class='ocrx_word' id='word_1_265' title='bbox 1328 1317 1490 1339; x_wconf 89' lang='lat' dir='ltr'>coronam</span> <span class='ocrx_word' id='word_1_266' title='bbox 1513 1316 1651 1338; x_wconf 86' lang='lat' dir='ltr'>auream</span> <span class='ocrx_word' id='word_1_267' title='bbox 1675 1308 1925 1349; x_wconf 86' lang='lat' dir='ltr'>adipisceretur</span> <span class='ocrx_word' id='word_1_268' title='bbox 1937 1307 1958 1339; x_wconf 81' lang='lat'>².</span> <span class='ocrx_word' id='word_1_269' title='bbox 1981 1307 2052 1339; x_wconf 90' lang='lat' dir='ltr'>&#39;Flo</span> <span class='ocrx_word' id='word_1_270' title='bbox 2061 1307 2187 1339; x_wconf 88' lang='lat' dir='ltr'>rentini</span> 
     </span>
     <span class='ocr_line' id='line_1_25' title="bbox 350 1361 2187 1405; baseline -0.003 -8"><span class='ocrx_word' id='word_1_271' title='bbox 350 1376 432 1397; x_wconf 92' lang='lat' dir='ltr'>vero</span> <span class='ocrx_word' id='word_1_272' title='bbox 456 1375 532 1396; x_wconf 91' lang='lat' dir='ltr'>cum</span> <span class='ocrx_word' id='word_1_273' title='bbox 556 1363 711 1405; x_wconf 87' lang='lat' dir='ltr'>recipere</span> <span class='ocrx_word' id='word_1_274' title='bbox 735 1362 931 1399; x_wconf 87' lang='lat' dir='ltr'>noluissent,</span> <span class='ocrx_word' id='word_1_275' title='bbox 957 1362 1126 1393; x_wconf 87' lang='lat' dir='ltr'>Senenses</span> <span class='ocrx_word' id='word_1_276' title='bbox 1142 1371 1223 1393; x_wconf 76' lang='lat' dir='ltr'>vero</span> <span class='ocrx_word' id='word_1_277' title='bbox 1241 1372 1317 1392; x_wconf 90' lang='lat' dir='ltr'>eum</span> <span class='ocrx_word' id='word_1_278' title='bbox 1335 1361 1497 1392; x_wconf 87' lang='lat' dir='ltr'>alacriter</span> <span class='ocrx_word' id='word_1_279' title='bbox 1519 1367 1726 1402; x_wconf 87' lang='lat' dir='ltr'>receperunt</span> <span class='ocrx_word' id='word_1_280' title='bbox 1739 1361 1760 1393; x_wconf 83' lang='lat'>³.</span> <span class='ocrx_word' id='word_1_281' title='bbox 1807 1362 1908 1393; x_wconf 86' lang='lat' dir='ltr'>Dicto</span> <span class='ocrx_word' id='word_1_282' title='bbox 1934 1361 2114 1392; x_wconf 90' lang='lat' dir='ltr'>millesimo</span> <span class='ocrx_word' id='word_1_283' title='bbox 2131 1361 2187 1392; x_wconf 89' lang='lat' dir='ltr'>die</span> 
     </span>
     <span class='ocr_line' id='line_1_26' title="bbox 351 1413 2187 1462; baseline -0.003 -12"><span class='ocrx_word' id='word_1_284' title='bbox 351 1419 417 1462; x_wconf 86' lang='lat' dir='ltr'>xvij</span> <span class='ocrx_word' id='word_1_285' title='bbox 443 1417 588 1450; x_wconf 87' lang='lat' dir='ltr'>ianuarii</span> <span class='ocrx_word' id='word_1_286' title='bbox 612 1416 732 1448; x_wconf 90' lang='lat' dir='ltr'>literae</span> <span class='ocrx_word' id='word_1_287' title='bbox 757 1415 885 1446; x_wconf 92' lang='lat' dir='ltr'>domini</span> <span class='ocrx_word' id='word_1_288' title='bbox 909 1414 1151 1455; x_wconf 74' lang='lat' dir='ltr'>Imperatoris⁴</span> <span class='ocrx_word' id='word_1_289' title='bbox 1175 1414 1315 1445; x_wconf 72' lang='lat' dir='ltr'>fuerunt</span> <span class='ocrx_word' id='word_1_290' title='bbox 1338 1420 1493 1455; x_wconf 88' lang='lat' dir='ltr'>portatae</span> <span class='ocrx_word' id='word_1_291' title='bbox 1519 1414 1553 1444; x_wconf 91' lang='lat' dir='ltr'>in</span> <span class='ocrx_word' id='word_1_292' title='bbox 1579 1414 1716 1445; x_wconf 80' lang='lat' dir='ltr'>civitate</span> <span class='ocrx_word' id='word_1_293' title='bbox 1741 1415 1916 1446; x_wconf 86' lang='lat' dir='ltr'>Bononiae</span> <span class='ocrx_word' id='word_1_294' title='bbox 1942 1415 2027 1446; x_wconf 91' lang='lat' dir='ltr'>etin</span> <span class='ocrx_word' id='word_1_295' title='bbox 2044 1413 2121 1448; x_wconf 79' lang='lat' dir='ltr'>aliis</span> <span class='ocrx_word' id='word_1_296' title='bbox 2138 1413 2187 1444; x_wconf 89' lang='lat' dir='ltr'>ci·-</span> 
     </span>
     <span class='ocr_line' id='line_1_27' title="bbox 351 1466 2185 1508; baseline -0.004 -4"><span class='ocrx_word' id='word_1_297' title='bbox 351 1471 511 1504; x_wconf 86' lang='lat' dir='ltr'>vitatibus</span> <span class='ocrx_word' id='word_1_298' title='bbox 533 1469 752 1502; x_wconf 89' lang='lat' dir='ltr'>dominorum</span> <span class='ocrx_word' id='word_1_299' title='bbox 774 1467 1029 1500; x_wconf 90' lang='lat' dir='ltr'>Vicecomitum</span> <span class='ocrx_word' id='word_1_300' title='bbox 1054 1477 1096 1498; x_wconf 79' lang='lat' dir='ltr'>ex</span> <span class='ocrx_word' id='word_1_301' title='bbox 1118 1477 1186 1497; x_wconf 88' lang='lat' dir='ltr'>una</span> <span class='ocrx_word' id='word_1_302' title='bbox 1208 1473 1306 1508; x_wconf 89' lang='lat' dir='ltr'>parte</span> <span class='ocrx_word' id='word_1_303' title='bbox 1331 1473 1364 1498; x_wconf 91' lang='lat' dir='ltr'>et</span> <span class='ocrx_word' id='word_1_304' title='bbox 1388 1467 1432 1498; x_wconf 90' lang='lat' dir='ltr'>ad</span> <span class='ocrx_word' id='word_1_305' title='bbox 1460 1467 1589 1498; x_wconf 88' lang='lat' dir='ltr'>Ducem</span> <span class='ocrx_word' id='word_1_306' title='bbox 1622 1467 1844 1498; x_wconf 69' lang='lat' dir='ltr'>Venetiarum</span> <span class='ocrx_word' id='word_1_307' title='bbox 1876 1472 1911 1498; x_wconf 87' lang='lat' dir='ltr'>et</span> <span class='ocrx_word' id='word_1_308' title='bbox 1933 1468 1978 1499; x_wconf 92' lang='lat' dir='ltr'>ad</span> <span class='ocrx_word' id='word_1_309' title='bbox 2011 1466 2185 1498; x_wconf 88' lang='lat' dir='ltr'>dominum</span> 
     </span>
     <span class='ocr_line' id='line_1_28' title="bbox 350 1519 2188 1562; baseline -0.004 -5"><span class='ocrx_word' id='word_1_310' title='bbox 350 1524 589 1557; x_wconf 85' lang='lat' dir='ltr'>Marchionem</span> <span class='ocrx_word' id='word_1_311' title='bbox 607 1528 774 1554; x_wconf 84' lang='lat' dir='ltr'>estensem</span> <span class='ocrx_word' id='word_1_312' title='bbox 792 1527 826 1552; x_wconf 91' lang='lat' dir='ltr'>et</span> <span class='ocrx_word' id='word_1_313' title='bbox 841 1521 925 1552; x_wconf 88' lang='lat' dir='ltr'>alias</span> <span class='ocrx_word' id='word_1_314' title='bbox 942 1520 1095 1551; x_wconf 89' lang='lat' dir='ltr'>civitates</span> <span class='ocrx_word' id='word_1_315' title='bbox 1113 1520 1201 1561; x_wconf 85' lang='lat' dir='ltr'>ligae</span> <span class='ocrx_word' id='word_1_316' title='bbox 1218 1529 1298 1551; x_wconf 90' lang='lat' dir='ltr'>suae</span> <span class='ocrx_word' id='word_1_317' title='bbox 1315 1530 1377 1561; x_wconf 90' lang='lat' dir='ltr'>pro</span> <span class='ocrx_word' id='word_1_318' title='bbox 1395 1520 1460 1551; x_wconf 90' lang='lat' dir='ltr'>alia</span> <span class='ocrx_word' id='word_1_319' title='bbox 1477 1527 1585 1561; x_wconf 87' lang='lat' dir='ltr'>parte,</span> <span class='ocrx_word' id='word_1_320' title='bbox 1603 1530 1690 1562; x_wconf 92' lang='lat' dir='ltr'>quae</span> <span class='ocrx_word' id='word_1_321' title='bbox 1707 1527 1820 1561; x_wconf 87' lang='lat' dir='ltr'>partes</span> <span class='ocrx_word' id='word_1_322' title='bbox 1836 1520 1923 1552; x_wconf 88' lang='lat' dir='ltr'>inter</span> <span class='ocrx_word' id='word_1_323' title='bbox 1947 1530 1982 1551; x_wconf 92' lang='lat' dir='ltr'>se</span> <span class='ocrx_word' id='word_1_324' title='bbox 2007 1519 2188 1551; x_wconf 83' lang='lat' dir='ltr'>maximam</span> 
     </span>
     <span class='ocr_line' id='line_1_29' title="bbox 351 1572 2190 1624; baseline -0.003 -15"><span class='ocrx_word' id='word_1_325' title='bbox 351 1588 506 1624; x_wconf 79' lang='lat' dir='ltr'>guerram</span> <span class='ocrx_word' id='word_1_326' title='bbox 531 1575 718 1613; x_wconf 73' lang='lat' dir='ltr'>faciebant,</span> <span class='ocrx_word' id='word_1_327' title='bbox 743 1580 920 1606; x_wconf 88' lang='lat' dir='ltr'>narrantes</span> <span class='ocrx_word' id='word_1_328' title='bbox 943 1573 1050 1615; x_wconf 89' lang='lat' dir='ltr'>[quod</span> <span class='ocrx_word' id='word_1_329' title='bbox 1076 1572 1241 1604; x_wconf 86' lang='lat' dir='ltr'>deberent</span> <span class='ocrx_word' id='word_1_330' title='bbox 1265 1572 1393 1614; x_wconf 71' lang='lat' dir='ltr'>facere]</span> <span class='ocrx_word' id='word_1_331' title='bbox 1417 1573 1504 1605; x_wconf 91' lang='lat' dir='ltr'>inter</span> <span class='ocrx_word' id='word_1_332' title='bbox 1528 1583 1563 1605; x_wconf 86' lang='lat' dir='ltr'>se</span> <span class='ocrx_word' id='word_1_333' title='bbox 1586 1579 1739 1616; x_wconf 83' lang='lat' dir='ltr'>treugam</span> <span class='ocrx_word' id='word_1_334' title='bbox 1771 1574 1895 1606; x_wconf 87' lang='lat' dir='ltr'>bonam</span> <span class='ocrx_word' id='word_1_335' title='bbox 1922 1574 1964 1605; x_wconf 93' lang='lat' dir='ltr'>ab</span> <span class='ocrx_word' id='word_1_336' title='bbox 1988 1579 2110 1604; x_wconf 88' lang='lat' dir='ltr'>octava</span> <span class='ocrx_word' id='word_1_337' title='bbox 2134 1572 2190 1603; x_wconf 91' lang='lat' dir='ltr'>die</span> 
     </span>
     <span class='ocr_line' id='line_1_30' title="bbox 349 1624 2190 1672; baseline -0.004 -9"><span class='ocrx_word' id='word_1_338' title='bbox 349 1630 492 1664; x_wconf 84' lang='lat' dir='ltr'>ianuarii</span> <span class='ocrx_word' id='word_1_339' title='bbox 506 1629 661 1672; x_wconf 81' lang='lat' dir='ltr'>proxime</span> <span class='ocrx_word' id='word_1_340' title='bbox 678 1628 795 1669; x_wconf 90' lang='lat' dir='ltr'>elapsa</span> <span class='ocrx_word' id='word_1_341' title='bbox 810 1637 917 1669; x_wconf 89' lang='lat' dir='ltr'>usque</span> <span class='ocrx_word' id='word_1_342' title='bbox 934 1627 978 1658; x_wconf 92' lang='lat' dir='ltr'>ad</span> <span class='ocrx_word' id='word_1_343' title='bbox 996 1633 1141 1668; x_wconf 90' lang='lat' dir='ltr'>quatuor</span> <span class='ocrx_word' id='word_1_344' title='bbox 1158 1636 1292 1657; x_wconf 89' lang='lat' dir='ltr'>menses</span> <span class='ocrx_word' id='word_1_345' title='bbox 1308 1633 1486 1663; x_wconf 85' lang='lat' dir='ltr'>venturos;</span> <span class='ocrx_word' id='word_1_346' title='bbox 1504 1632 1538 1658; x_wconf 90' lang='lat' dir='ltr'>et</span> <span class='ocrx_word' id='word_1_347' title='bbox 1556 1626 1611 1657; x_wconf 86' lang='lat' dir='ltr'>die</span> <span class='ocrx_word' id='word_1_348' title='bbox 1624 1627 1703 1669; x_wconf 80' lang='lat' dir='ltr'>xviij</span> <span class='ocrx_word' id='word_1_349' title='bbox 1723 1627 1868 1657; x_wconf 90' lang='lat' dir='ltr'>ianuarii</span> <span class='ocrx_word' id='word_1_350' title='bbox 1885 1626 2107 1668; x_wconf 78' lang='lat' dir='ltr'>preconicata</span> <span class='ocrx_word' id='word_1_351' title='bbox 2123 1624 2190 1656; x_wconf 82' lang='lat' dir='ltr'>fuit</span> 
     </span>
     <span class='ocr_line' id='line_1_31' title="bbox 352 1679 2186 1725; baseline -0.004 -9"><span class='ocrx_word' id='word_1_352' title='bbox 352 1685 444 1716; x_wconf 88' lang='lat' dir='ltr'>dicta</span> <span class='ocrx_word' id='word_1_353' title='bbox 467 1689 588 1725; x_wconf 87' lang='lat' dir='ltr'>treuga</span> <span class='ocrx_word' id='word_1_354' title='bbox 610 1682 647 1713; x_wconf 91' lang='lat' dir='ltr'>in</span> <span class='ocrx_word' id='word_1_355' title='bbox 673 1681 811 1712; x_wconf 89' lang='lat' dir='ltr'>civitate</span> <span class='ocrx_word' id='word_1_356' title='bbox 834 1679 1022 1716; x_wconf 90' lang='lat' dir='ltr'>Bononiae,</span> <span class='ocrx_word' id='word_1_357' title='bbox 1046 1680 1152 1722; x_wconf 85' lang='lat' dir='ltr'>Regii</span> <span class='ocrx_word' id='word_1_358' title='bbox 1185 1685 1219 1710; x_wconf 89' lang='lat' dir='ltr'>et</span> <span class='ocrx_word' id='word_1_359' title='bbox 1249 1679 1326 1710; x_wconf 86' lang='lat' dir='ltr'>aliis</span> <span class='ocrx_word' id='word_1_360' title='bbox 1352 1679 1547 1711; x_wconf 80' lang='lat' dir='ltr'>civitatibus</span> <span class='ocrx_word' id='word_1_361' title='bbox 1570 1679 1661 1722; x_wconf 87' lang='lat' dir='ltr'>ligae</span> <span class='ocrx_word' id='word_1_362' title='bbox 1693 1679 1751 1720; x_wconf 88' lang='lat' dir='ltr'>[et]</span> <span class='ocrx_word' id='word_1_363' title='bbox 1776 1680 1948 1711; x_wconf 89' lang='lat' dir='ltr'>dictorum</span> <span class='ocrx_word' id='word_1_364' title='bbox 1972 1679 2186 1711; x_wconf 87' lang='lat' dir='ltr'>dominorum</span> 
     </span>
     <span class='ocr_line' id='line_1_32' title="bbox 349 1731 2188 1775; baseline -0.004 -6"><span class='ocrx_word' id='word_1_365' title='bbox 349 1736 611 1770; x_wconf 85' lang='lat' dir='ltr'>Vicecomitum.</span> <span class='ocrx_word' id='word_1_366' title='bbox 658 1734 759 1765; x_wconf 92' lang='lat' dir='ltr'>Dicto</span> <span class='ocrx_word' id='word_1_367' title='bbox 784 1733 839 1764; x_wconf 87' lang='lat' dir='ltr'>die</span> <span class='ocrx_word' id='word_1_368' title='bbox 856 1733 892 1763; x_wconf 91' lang='lat' dir='ltr'>in</span> <span class='ocrx_word' id='word_1_369' title='bbox 909 1732 1047 1763; x_wconf 87' lang='lat' dir='ltr'>civitate</span> <span class='ocrx_word' id='word_1_370' title='bbox 1064 1732 1218 1763; x_wconf 75' lang='lat' dir='ltr'>Mutinae</span> <span class='ocrx_word' id='word_1_371' title='bbox 1234 1733 1453 1775; x_wconf 70' lang='lat' dir='ltr'>preconicata</span> <span class='ocrx_word' id='word_1_372' title='bbox 1470 1742 1539 1763; x_wconf 91' lang='lat' dir='ltr'>non</span> <span class='ocrx_word' id='word_1_373' title='bbox 1571 1732 1637 1763; x_wconf 82' lang='lat' dir='ltr'>fuit</span> <span class='ocrx_word' id='word_1_374' title='bbox 1671 1732 1764 1763; x_wconf 88' lang='lat' dir='ltr'>dicta</span> <span class='ocrx_word' id='word_1_375' title='bbox 1788 1738 1918 1774; x_wconf 85' lang='lat' dir='ltr'>treuga,</span> <span class='ocrx_word' id='word_1_376' title='bbox 1950 1731 2037 1772; x_wconf 90' lang='lat' dir='ltr'>[sed]</span> <span class='ocrx_word' id='word_1_377' title='bbox 2070 1731 2188 1762; x_wconf 84' lang='lat' dir='ltr'>literae</span> 
     </span>
     <span class='ocr_line' id='line_1_33' title="bbox 350 1784 2189 1829; baseline -0.004 -7"><span class='ocrx_word' id='word_1_378' title='bbox 350 1791 470 1822; x_wconf 89' lang='lat' dir='ltr'>missae</span> <span class='ocrx_word' id='word_1_379' title='bbox 493 1789 632 1820; x_wconf 73' lang='lat' dir='ltr'>fuerunt</span> <span class='ocrx_word' id='word_1_380' title='bbox 654 1798 716 1829; x_wconf 88' lang='lat' dir='ltr'>per</span> <span class='ocrx_word' id='word_1_381' title='bbox 740 1786 901 1817; x_wconf 87' lang='lat' dir='ltr'>officiales</span> <span class='ocrx_word' id='word_1_382' title='bbox 919 1784 1076 1817; x_wconf 87' lang='lat' dir='ltr'>Mutinae</span> <span class='ocrx_word' id='word_1_383' title='bbox 1102 1785 1146 1816; x_wconf 88' lang='lat' dir='ltr'>ad</span> <span class='ocrx_word' id='word_1_384' title='bbox 1163 1791 1274 1816; x_wconf 87' lang='lat' dir='ltr'>castra</span> <span class='ocrx_word' id='word_1_385' title='bbox 1290 1785 1489 1816; x_wconf 89' lang='lat' dir='ltr'>obedientia</span> <span class='ocrx_word' id='word_1_386' title='bbox 1505 1792 1541 1817; x_wconf 93' lang='lat' dir='ltr'>ut</span> <span class='ocrx_word' id='word_1_387' title='bbox 1559 1785 1708 1826; x_wconf 82' lang='lat' dir='ltr'>dapnum</span> <span class='ocrx_word' id='word_1_388' title='bbox 1736 1795 1802 1816; x_wconf 89' lang='lat' dir='ltr'>non</span> <span class='ocrx_word' id='word_1_389' title='bbox 1820 1786 1940 1816; x_wconf 90' lang='lat' dir='ltr'>darent</span> <span class='ocrx_word' id='word_1_390' title='bbox 1957 1785 2013 1816; x_wconf 81' lang='lat' dir='ltr'>vel</span> <span class='ocrx_word' id='word_1_391' title='bbox 2030 1784 2189 1815; x_wconf 79' lang='lat' dir='ltr'>facerent</span> 
     </span>
     <span class='ocr_line' id='line_1_34' title="bbox 351 1836 2189 1882; baseline -0.004 -7"><span class='ocrx_word' id='word_1_392' title='bbox 351 1845 383 1880; x_wconf 83' lang='lat' dir='ltr'>in</span> <span class='ocrx_word' id='word_1_393' title='bbox 401 1842 500 1875; x_wconf 88' lang='lat' dir='ltr'>terris</span> <span class='ocrx_word' id='word_1_394' title='bbox 516 1841 743 1873; x_wconf 89' lang='lat' dir='ltr'>inimicorum.</span> <span class='ocrx_word' id='word_1_395' title='bbox 770 1839 811 1870; x_wconf 89' lang='lat' dir='ltr'>Et</span> <span class='ocrx_word' id='word_1_396' title='bbox 829 1845 948 1882; x_wconf 87' lang='lat' dir='ltr'>postea</span> <span class='ocrx_word' id='word_1_397' title='bbox 964 1838 1019 1870; x_wconf 86' lang='lat' dir='ltr'>die</span> <span class='ocrx_word' id='word_1_398' title='bbox 1037 1838 1197 1869; x_wconf 87' lang='lat' dir='ltr'>mercurii</span> <span class='ocrx_word' id='word_1_399' title='bbox 1214 1839 1267 1881; x_wconf 62' lang='lat' dir='ltr'>xxj</span> <span class='ocrx_word' id='word_1_400' title='bbox 1288 1838 1436 1869; x_wconf 79' lang='lat' dir='ltr'>Ianuarii</span> <span class='ocrx_word' id='word_1_401' title='bbox 1450 1838 1669 1880; x_wconf 67' lang='lat' dir='ltr'>preconicata</span> <span class='ocrx_word' id='word_1_402' title='bbox 1683 1838 1746 1869; x_wconf 79' lang='lat' dir='ltr'>suit</span> <span class='ocrx_word' id='word_1_403' title='bbox 1762 1838 1853 1869; x_wconf 83' lang='lat' dir='ltr'>dicta</span> <span class='ocrx_word' id='word_1_404' title='bbox 1866 1844 1985 1880; x_wconf 83' lang='lat' dir='ltr'>treuga</span> <span class='ocrx_word' id='word_1_405' title='bbox 2002 1837 2035 1868; x_wconf 91' lang='lat' dir='ltr'>in</span> <span class='ocrx_word' id='word_1_406' title='bbox 2050 1836 2189 1868; x_wconf 84' lang='lat' dir='ltr'>civitate</span> 
     </span>
    </p>
   </div>
   <div class='ocr_carea' id='block_1_7' title="bbox 353 2009 2196 2317">
    <p class='ocr_par' dir='ltr' id='par_1_8' title="bbox 353 2009 2196 2317">
     <span class='ocr_line' id='line_1_35' title="bbox 442 2009 2191 2050; baseline -0.007 -7"><span class='ocrx_word' id='word_1_407' title='bbox 442 2027 463 2050; x_wconf 77' lang='lat'>5.</span> <span class='ocrx_word' id='word_1_408' title='bbox 484 2027 511 2042; x_wconf 78' lang='lat' dir='ltr'>se</span> <span class='ocrx_word' id='word_1_409' title='bbox 530 2026 598 2050; x_wconf 69' lang='lat' dir='ltr'>agg.</span> <span class='ocrx_word' id='word_1_410' title='bbox 618 2017 696 2040; x_wconf 62' lang='lat' dir='ltr'>Mun.</span> <span class='ocrx_word' id='word_1_411' title='bbox 710 2029 720 2033; x_wconf 95' lang='lat'>-</span> <span class='ocrx_word' id='word_1_412' title='bbox 735 2017 762 2039; x_wconf 84' lang='lat' dir='ltr'>et</span> <span class='ocrx_word' id='word_1_413' title='bbox 776 2014 874 2039; x_wconf 74' lang='lat' dir='ltr'>avanti</span> <span class='ocrx_word' id='word_1_414' title='bbox 887 2023 903 2037; x_wconf 80' lang='grc' dir='ltr'>ιι</span> <span class='ocrx_word' id='word_1_415' title='bbox 917 2014 994 2036; x_wconf 84' lang='lat' dir='ltr'>dicto</span> <span class='ocrx_word' id='word_1_416' title='bbox 1014 2020 1061 2036; x_wconf 80' lang='lat' dir='ltr'>om.</span> <span class='ocrx_word' id='word_1_417' title='bbox 1086 2011 1163 2035; x_wconf 67' lang='lat' dir='ltr'>Mun.</span> <span class='ocrx_word' id='word_1_418' title='bbox 1179 2024 1188 2028; x_wconf 99' lang='lat'>-</span> <span class='ocrx_word' id='word_1_419' title='bbox 1202 2018 1218 2034; x_wconf 83' lang='lat' dir='ltr'>a</span> <span class='ocrx_word' id='word_1_420' title='bbox 1232 2014 1345 2042; x_wconf 73' lang='lat' dir='ltr'>regente</span> <span class='ocrx_word' id='word_1_421' title='bbox 1363 2010 1410 2038; x_wconf 81' lang='lat' dir='ltr'>A.;</span> <span class='ocrx_word' id='word_1_422' title='bbox 1431 2018 1446 2034; x_wconf 91' lang='lat' dir='ltr'>a</span> <span class='ocrx_word' id='word_1_423' title='bbox 1465 2012 1549 2042; x_wconf 80' lang='lat' dir='ltr'>gente</span> <span class='ocrx_word' id='word_1_424' title='bbox 1569 2011 1654 2037; x_wconf 67' lang='lat' dir='ltr'>Men..</span> <span class='ocrx_word' id='word_1_425' title='bbox 1677 2010 1723 2035; x_wconf 84' lang='lat' dir='ltr'>Cr.</span> <span class='ocrx_word' id='word_1_426' title='bbox 1744 2024 1776 2027; x_wconf 97' lang='lat'><strong>—</strong></span> <span class='ocrx_word' id='word_1_427' title='bbox 1797 2017 1819 2042; x_wconf 80' lang='lat'>7.</span> <span class='ocrx_word' id='word_1_428' title='bbox 1841 2016 1898 2034; x_wconf 76' lang='lat' dir='ltr'>tam</span> <span class='ocrx_word' id='word_1_429' title='bbox 1912 2018 1979 2035; x_wconf 83' lang='lat' dir='ltr'>corr.</span> <span class='ocrx_word' id='word_1_430' title='bbox 1994 2009 2086 2034; x_wconf 53' lang='lat' dir='ltr'>Mun:</span> <span class='ocrx_word' id='word_1_431' title='bbox 2103 2009 2191 2040; x_wconf 79' lang='lat' dir='ltr'>magis</span> 
     </span>
     <span class='ocr_line' id='line_1_36' title="bbox 353 2052 2192 2092; baseline -0.005 -7"><span class='ocrx_word' id='word_1_432' title='bbox 353 2065 394 2088; x_wconf 83' lang='grc' dir='ltr'>Α..</span> <span class='ocrx_word' id='word_1_433' title='bbox 416 2065 461 2088; x_wconf 78' lang='lat' dir='ltr'>Cr.</span> <span class='ocrx_word' id='word_1_434' title='bbox 482 2076 514 2080; x_wconf 78' lang='lat'>—-</span> <span class='ocrx_word' id='word_1_435' title='bbox 534 2069 557 2092; x_wconf 87' lang='lat'>9.</span> <span class='ocrx_word' id='word_1_436' title='bbox 578 2064 605 2086; x_wconf 81' lang='lat' dir='ltr'>in</span> <span class='ocrx_word' id='word_1_437' title='bbox 624 2062 656 2084; x_wconf 80' lang='lat' dir='ltr'>A.</span> <span class='ocrx_word' id='word_1_438' title='bbox 677 2067 704 2084; x_wconf 90' lang='lat' dir='ltr'>se</span> <span class='ocrx_word' id='word_1_439' title='bbox 724 2058 737 2082; x_wconf 80' lang='grc' dir='ltr'>ὲ</span> <span class='ocrx_word' id='word_1_440' title='bbox 756 2060 870 2090; x_wconf 68' lang='lat' dir='ltr'>ripetuto</span> <span class='ocrx_word' id='word_1_441' title='bbox 893 2057 971 2080; x_wconf 74' lang='lat' dir='ltr'>anche</span> <span class='ocrx_word' id='word_1_442' title='bbox 991 2057 1089 2080; x_wconf 70' lang='lat' dir='ltr'>avanti</span> <span class='ocrx_word' id='word_1_443' title='bbox 1112 2055 1285 2079; x_wconf 83' lang='lat' dir='ltr'>redimerunt</span> <span class='ocrx_word' id='word_1_444' title='bbox 1307 2068 1316 2071; x_wconf 99' lang='lat'><em>-</em></span> <span class='ocrx_word' id='word_1_445' title='bbox 1337 2056 1364 2078; x_wconf 75' lang='lat' dir='ltr'>et</span> <span class='ocrx_word' id='word_1_446' title='bbox 1384 2063 1451 2086; x_wconf 67' lang='lat' dir='ltr'>agg.</span> <span class='ocrx_word' id='word_1_447' title='bbox 1474 2055 1561 2084; x_wconf 60' lang='lat' dir='ltr'>Mum,</span> <span class='ocrx_word' id='word_1_448' title='bbox 1587 2055 1631 2078; x_wconf 86' lang='lat' dir='ltr'>Cr.</span> <span class='ocrx_word' id='word_1_449' title='bbox 1654 2068 1684 2071; x_wconf 87' lang='lat'><em>-</em></span> <span class='ocrx_word' id='word_1_450' title='bbox 1709 2061 1747 2078; x_wconf 86' lang='lat'>10.</span> <span class='ocrx_word' id='word_1_451' title='bbox 1767 2056 1911 2079; x_wconf 71' lang='lat' dir='ltr'>Anno....</span> <span class='ocrx_word' id='word_1_452' title='bbox 1939 2053 2047 2084; x_wconf 50' lang='lat' dir='ltr'>octava]</span> <span class='ocrx_word' id='word_1_453' title='bbox 2072 2052 2124 2077; x_wconf 76' lang='lat' dir='ltr'>cosi</span> <span class='ocrx_word' id='word_1_454' title='bbox 2149 2052 2192 2081; x_wconf 74' lang='lat' dir='ltr'>A..</span> 
     </span>
     <span class='ocr_line' id='line_1_37' title="bbox 358 2099 2192 2135; baseline -0.007 -2"><span class='ocrx_word' id='word_1_455' title='bbox 358 2110 417 2135; x_wconf 81' lang='lat' dir='ltr'>Cr.;</span> <span class='ocrx_word' id='word_1_456' title='bbox 440 2108 524 2132; x_wconf 87' lang='lat' dir='ltr'>Dicto</span> <span class='ocrx_word' id='word_1_457' title='bbox 546 2106 695 2130; x_wconf 66' lang='lat' dir='ltr'>Mniesfmo</span> <span class='ocrx_word' id='word_1_458' title='bbox 716 2104 857 2128; x_wconf 62' lang='lat' dir='ltr'>inditione</span> <span class='ocrx_word' id='word_1_459' title='bbox 876 2103 995 2133; x_wconf 83' lang='lat' dir='ltr'>septima</span> <span class='ocrx_word' id='word_1_460' title='bbox 1015 2100 1117 2127; x_wconf 78' lang='lat' dir='ltr'>MUR..;</span> <span class='ocrx_word' id='word_1_461' title='bbox 1139 2108 1229 2123; x_wconf 66' lang='lat' dir='ltr'>&#39;rmum</span> <span class='ocrx_word' id='word_1_462' title='bbox 1248 2108 1274 2121; x_wconf 77' lang='lat' dir='ltr'>m</span> <span class='ocrx_word' id='word_1_463' title='bbox 1292 2100 1324 2122; x_wconf 83' lang='lat' dir='ltr'>A.</span> <span class='ocrx_word' id='word_1_464' title='bbox 1345 2108 1356 2121; x_wconf 77' lang='lat' dir='ltr'>e</span> <span class='ocrx_word' id='word_1_465' title='bbox 1379 2100 1421 2123; x_wconf 88' lang='lat' dir='ltr'>Cr.</span> <span class='ocrx_word' id='word_1_466' title='bbox 1443 2100 1471 2122; x_wconf 83' lang='lat' dir='ltr'>la</span> <span class='ocrx_word' id='word_1_467' title='bbox 1483 2100 1649 2123; x_wconf 68' lang='lat' dir='ltr'>indicaztmae</span> <span class='ocrx_word' id='word_1_468' title='bbox 1667 2100 1809 2128; x_wconf 67' lang='lat' dir='ltr'>dell&#39;armo,</span> <span class='ocrx_word' id='word_1_469' title='bbox 1823 2100 1866 2123; x_wconf 54' lang='lat' dir='ltr'>csse</span> <span class='ocrx_word' id='word_1_470' title='bbox 1879 2099 2086 2123; x_wconf 71' lang='lat' dir='ltr'>‹lall&#39;indx&#39;zione</span> <span class='ocrx_word' id='word_1_471' title='bbox 2099 2100 2192 2121; x_wconf 73' lang='lat' dir='ltr'>ettam</span> 
     </span>
     <span class='ocr_line' id='line_1_38' title="bbox 355 2141 2196 2183; baseline -0.004 -12"><span class='ocrx_word' id='word_1_472' title='bbox 355 2157 456 2183; x_wconf 58' lang='lat' dir='ltr'>appare</span> <span class='ocrx_word' id='word_1_473' title='bbox 469 2159 552 2175; x_wconf 61' lang='lat' dir='ltr'>essere</span> <span class='ocrx_word' id='word_1_474' title='bbox 570 2155 639 2174; x_wconf 70' lang='lat' dir='ltr'>stato</span> <span class='ocrx_word' id='word_1_475' title='bbox 659 2148 866 2172; x_wconf 73' lang='lat' dir='ltr'>indnhhiamente</span> <span class='ocrx_word' id='word_1_476' title='bbox 884 2147 908 2169; x_wconf 81' lang='lat' dir='ltr'>il</span> <span class='ocrx_word' id='word_1_477' title='bbox 925 2151 994 2175; x_wconf 76' lang='lat'><em>1355</em></span> <span class='ocrx_word' id='word_1_478' title='bbox 1013 2153 1026 2167; x_wconf 83' lang='lat' dir='ltr'>e</span> <span class='ocrx_word' id='word_1_479' title='bbox 1045 2144 1222 2168; x_wconf 61' lang='lat' dir='ltr'>comi-iciando</span> <span class='ocrx_word' id='word_1_480' title='bbox 1237 2149 1288 2174; x_wconf 69' lang='lat' dir='ltr'>per</span> <span class='ocrx_word' id='word_1_481' title='bbox 1306 2145 1318 2167; x_wconf 86' lang='lat' dir='ltr'><em>i</em></span> <span class='ocrx_word' id='word_1_482' title='bbox 1337 2144 1475 2167; x_wconf 44' lang='lat' dir='ltr'>,v&#39;tlodcncsi</span> <span class='ocrx_word' id='word_1_483' title='bbox 1493 2144 1542 2167; x_wconf 79' lang='lat' dir='ltr'>dal</span> <span class='ocrx_word' id='word_1_484' title='bbox 1558 2148 1592 2172; x_wconf 84' lang='lat'>25</span> <span class='ocrx_word' id='word_1_485' title='bbox 1613 2143 1741 2167; x_wconf 72' lang='lat' dir='ltr'>dzcemhra</span> <span class='ocrx_word' id='word_1_486' title='bbox 1754 2144 1778 2167; x_wconf 80' lang='lat' dir='ltr'>il</span> <span class='ocrx_word' id='word_1_487' title='bbox 1787 2145 1902 2168; x_wconf 71' lang='lat' dir='ltr'>crom&#39;sta</span> <span class='ocrx_word' id='word_1_488' title='bbox 1911 2143 1976 2174; x_wconf 65' lang='lat' dir='ltr'>poti·</span> <span class='ocrx_word' id='word_1_489' title='bbox 1994 2141 2196 2172; x_wconf 65' lang='lat' dir='ltr'>comprendet-vi</span> 
     </span>
     <span class='ocr_line' id='line_1_39' title="bbox 356 2185 2191 2225; baseline -0.008 -4"><span class='ocrx_word' id='word_1_490' title='bbox 356 2199 384 2221; x_wconf 92' lang='lat' dir='ltr'>la</span> <span class='ocrx_word' id='word_1_491' title='bbox 398 2200 494 2221; x_wconf 73' lang='lat' dir='ltr'>venula</span> <span class='ocrx_word' id='word_1_492' title='bbox 508 2196 539 2219; x_wconf 82' lang='lat' dir='ltr'>dt</span> <span class='ocrx_word' id='word_1_493' title='bbox 551 2196 633 2220; x_wconf 78' lang='lat' dir='ltr'>Carlo</span> <span class='ocrx_word' id='word_1_494' title='bbox 653 2194 701 2218; x_wconf 82' lang='lat'>11·</span> <span class='ocrx_word' id='word_1_495' title='bbox 715 2194 758 2216; x_wconf 73' lang='lat' dir='ltr'>clm</span> <span class='ocrx_word' id='word_1_496' title='bbox 771 2192 807 2225; x_wconf 74' lang='lat' dir='ltr'>sa</span> <span class='ocrx_word' id='word_1_497' title='bbox 822 2192 866 2214; x_wconf 78' lang='lat' dir='ltr'>uel</span> <span class='ocrx_word' id='word_1_498' title='bbox 882 2195 946 2220; x_wconf 64' lang='lat'><em>1354</em></span> <span class='ocrx_word' id='word_1_499' title='bbox 964 2197 996 2214; x_wconf 81' lang='lat' dir='ltr'>st.</span> <span class='ocrx_word' id='word_1_500' title='bbox 1017 2198 1039 2212; x_wconf 80' lang='lat' dir='ltr'>c.</span> <span class='ocrx_word' id='word_1_501' title='bbox 1056 2203 1086 2205; x_wconf 94' lang='lat'>--</span> <span class='ocrx_word' id='word_1_502' title='bbox 1105 2195 1142 2211; x_wconf 77' lang='lat'>12.</span> <span class='ocrx_word' id='word_1_503' title='bbox 1158 2189 1290 2212; x_wconf 77' lang='lat' dir='ltr'>Mantuae</span> <span class='ocrx_word' id='word_1_504' title='bbox 1303 2195 1372 2212; x_wconf 72' lang='lat' dir='ltr'>carr.</span> <span class='ocrx_word' id='word_1_505' title='bbox 1388 2188 1478 2215; x_wconf 69' lang='lat' dir='ltr'>MER.;</span> <span class='ocrx_word' id='word_1_506' title='bbox 1495 2188 1604 2212; x_wconf 79' lang='lat' dir='ltr'>Mutine</span> <span class='ocrx_word' id='word_1_507' title='bbox 1617 2188 1659 2217; x_wconf 70' lang='lat' dir='ltr'>A..</span> <span class='ocrx_word' id='word_1_508' title='bbox 1675 2189 1735 2216; x_wconf 80' lang='lat' dir='ltr'>Cr.;</span> <span class='ocrx_word' id='word_1_509' title='bbox 1750 2196 1792 2211; x_wconf 85' lang='lat' dir='ltr'>ma</span> <span class='ocrx_word' id='word_1_510' title='bbox 1809 2189 1890 2212; x_wconf 81' lang='lat' dir='ltr'>Corlo</span> <span class='ocrx_word' id='word_1_511' title='bbox 1905 2197 1951 2211; x_wconf 77' lang='lat' dir='ltr'>non</span> <span class='ocrx_word' id='word_1_512' title='bbox 1964 2186 2032 2211; x_wconf 78' lang='grc' dir='ltr'><em>αηιίὸ</em></span> <span class='ocrx_word' id='word_1_513' title='bbox 2045 2196 2062 2210; x_wconf 81' lang='grc' dir='ltr'>ιι</span> <span class='ocrx_word' id='word_1_514' title='bbox 2076 2185 2191 2210; x_wconf 67' lang='lat' dir='ltr'>Modern!</span> 
     </span>
     <span class='ocr_line' id='line_1_40' title="bbox 356 2229 2194 2273; baseline -0.006 -9"><span class='ocrx_word' id='word_1_515' title='bbox 356 2255 366 2259; x_wconf 95' lang='lat'>-</span> <span class='ocrx_word' id='word_1_516' title='bbox 381 2243 407 2265; x_wconf 84' lang='lat' dir='ltr'>et</span> <span class='ocrx_word' id='word_1_517' title='bbox 422 2250 487 2273; x_wconf 70' lang='lat' dir='ltr'>agg.</span> <span class='ocrx_word' id='word_1_518' title='bbox 509 2240 595 2269; x_wconf 52' lang='lat' dir='ltr'>Mun„</span> <span class='ocrx_word' id='word_1_519' title='bbox 617 2240 661 2263; x_wconf 86' lang='lat' dir='ltr'>Cr.</span> <span class='ocrx_word' id='word_1_520' title='bbox 682 2251 715 2254; x_wconf 85' lang='lat'><strong>—</strong></span> <span class='ocrx_word' id='word_1_521' title='bbox 733 2244 771 2268; x_wconf 79' lang='lat'>¹3·</span> <span class='ocrx_word' id='word_1_522' title='bbox 791 2237 820 2259; x_wconf 85' lang='lat' dir='ltr'>A.</span> <span class='ocrx_word' id='word_1_523' title='bbox 841 2237 926 2267; x_wconf 57' lang='lat' dir='ltr'>ripale</span> <span class='ocrx_word' id='word_1_524' title='bbox 944 2233 998 2258; x_wconf 68' lang='lat' dir='ltr'>ruit</span> <span class='ocrx_word' id='word_1_525' title='bbox 1017 2234 1083 2264; x_wconf 75' lang='lat' dir='ltr'>dopo</span> <span class='ocrx_word' id='word_1_526' title='bbox 1103 2234 1229 2262; x_wconf 79' lang='lat' dir='ltr'>receptus</span> <span class='ocrx_word' id='word_1_527' title='bbox 1250 2245 1260 2249; x_wconf 95' lang='lat'>-</span> <span class='ocrx_word' id='word_1_528' title='bbox 1282 2233 1441 2256; x_wconf 71' lang='lat' dir='ltr'>Hernabove</span> <span class='ocrx_word' id='word_1_529' title='bbox 1464 2233 1547 2258; x_wconf 46' lang='grc' dir='ltr'>Μυκη</span> <span class='ocrx_word' id='word_1_530' title='bbox 1570 2234 1614 2258; x_wconf 74' lang='lat' dir='ltr'>Cr.</span> <span class='ocrx_word' id='word_1_531' title='bbox 1638 2247 1667 2249; x_wconf 97' lang='lat'><strong>—</strong></span> <span class='ocrx_word' id='word_1_532' title='bbox 1692 2240 1730 2263; x_wconf 83' lang='lat'>14.</span> <span class='ocrx_word' id='word_1_533' title='bbox 1750 2235 1777 2256; x_wconf 86' lang='lat' dir='ltr'>et</span> <span class='ocrx_word' id='word_1_534' title='bbox 1798 2231 1852 2263; x_wconf 84' lang='lat' dir='ltr'>die]</span> <span class='ocrx_word' id='word_1_535' title='bbox 1876 2231 2009 2256; x_wconf 75' lang='lat' dir='ltr'>MCCCV</span> <span class='ocrx_word' id='word_1_536' title='bbox 2029 2231 2074 2254; x_wconf 67' lang='lat' dir='ltr'>die</span> <span class='ocrx_word' id='word_1_537' title='bbox 2088 2229 2166 2253; x_wconf 72' lang='lat' dir='ltr'>MUR.</span> <span class='ocrx_word' id='word_1_538' title='bbox 2184 2241 2194 2246; x_wconf 96' lang='lat'>-</span> 
     </span>
     <span class='ocr_line' id='line_1_41' title="bbox 354 2274 2193 2317; baseline -0.007 -8"><span class='ocrx_word' id='word_1_539' title='bbox 354 2285 395 2317; x_wconf 78' lang='lat' dir='ltr'>le</span> <span class='ocrx_word' id='word_1_540' title='bbox 412 2291 425 2315; x_wconf 89' lang='lat'><strong>7</strong></span> <span class='ocrx_word' id='word_1_541' title='bbox 440 2286 482 2314; x_wconf 63' lang='lat' dir='ltr'>A„</span> <span class='ocrx_word' id='word_1_542' title='bbox 496 2285 582 2314; x_wconf 55' lang='lat' dir='ltr'>Mum,</span> <span class='ocrx_word' id='word_1_543' title='bbox 599 2285 657 2309; x_wconf 83' lang='lat' dir='ltr'>Cr.;</span> <span class='ocrx_word' id='word_1_544' title='bbox 672 2291 713 2307; x_wconf 83' lang='lat' dir='ltr'>ma</span> <span class='ocrx_word' id='word_1_545' title='bbox 728 2280 870 2312; x_wconf 65' lang='lat' dir='ltr'>l’epifam&#39;a</span> <span class='ocrx_word' id='word_1_546' title='bbox 883 2288 895 2302; x_wconf 86' lang='grc' dir='ltr'>ε</span> <span class='ocrx_word' id='word_1_547' title='bbox 909 2278 1240 2309; x_wconf 66' lang='lat' dir='ltr'>l&#39;incoronazionesurano</span> <span class='ocrx_word' id='word_1_548' title='bbox 1256 2278 1278 2299; x_wconf 84' lang='lat' dir='ltr'>il</span> <span class='ocrx_word' id='word_1_549' title='bbox 1289 2282 1315 2304; x_wconf 77' lang='grc' dir='ltr'>ο,</span> <span class='ocrx_word' id='word_1_550' title='bbox 1326 2277 1426 2307; x_wconf 65' lang='lat' dir='ltr'>giorno</span> <span class='ocrx_word' id='word_1_551' title='bbox 1441 2281 1556 2307; x_wconf 76' lang='lat' dir='ltr'>appunto</span> <span class='ocrx_word' id='word_1_552' title='bbox 1571 2277 1601 2300; x_wconf 77' lang='lat' dir='ltr'>‹li</span> <span class='ocrx_word' id='word_1_553' title='bbox 1614 2278 1727 2301; x_wconf 73' lang='lat' dir='ltr'>martedi</span> <span class='ocrx_word' id='word_1_554' title='bbox 1741 2291 1771 2294; x_wconf 86' lang='lat'><strong>—</strong></span> <span class='ocrx_word' id='word_1_555' title='bbox 1787 2284 1826 2307; x_wconf 83' lang='lat'>¹9·</span> <span class='ocrx_word' id='word_1_556' title='bbox 1836 2284 1942 2301; x_wconf 68' lang='lat' dir='ltr'>corona</span> <span class='ocrx_word' id='word_1_557' title='bbox 1955 2282 2037 2299; x_wconf 76' lang='lat' dir='ltr'>aurea</span> <span class='ocrx_word' id='word_1_558' title='bbox 2051 2274 2193 2306; x_wconf 80' lang='lat' dir='ltr'>adipiscat</span> 
     </span>
    </p>
   </div>
   <div class='ocr_carea' id='block_1_8' title="bbox 355 2320 2193 2450">
    <p class='ocr_par' dir='ltr' id='par_1_9' title="bbox 355 2320 2193 2450">
     <span class='ocr_line' id='line_1_42' title="bbox 356 2320 2193 2358; baseline -0.005 -5"><span class='ocrx_word' id='word_1_559' title='bbox 356 2330 395 2358; x_wconf 81' lang='lat' dir='ltr'>A.;</span> <span class='ocrx_word' id='word_1_560' title='bbox 415 2336 548 2353; x_wconf 85' lang='lat' dir='ltr'>coronam</span> <span class='ocrx_word' id='word_1_561' title='bbox 569 2335 683 2352; x_wconf 80' lang='lat' dir='ltr'>auream</span> <span class='ocrx_word' id='word_1_562' title='bbox 702 2326 876 2358; x_wconf 81' lang='lat' dir='ltr'>adipiscatur</span> <span class='ocrx_word' id='word_1_563' title='bbox 896 2323 973 2347; x_wconf 62' lang='lat' dir='ltr'>Muz.</span> <span class='ocrx_word' id='word_1_564' title='bbox 989 2331 1002 2345; x_wconf 73' lang='lat' dir='ltr'><em>e</em></span> <span class='ocrx_word' id='word_1_565' title='bbox 1018 2324 1061 2346; x_wconf 82' lang='lat' dir='ltr'>Cr.</span> <span class='ocrx_word' id='word_1_566' title='bbox 1079 2335 1108 2337; x_wconf 97' lang='lat'><strong>—</strong></span> <span class='ocrx_word' id='word_1_567' title='bbox 1125 2327 1164 2344; x_wconf 71' lang='lat'>20,</span> <span class='ocrx_word' id='word_1_568' title='bbox 1181 2328 1245 2344; x_wconf 76' lang='lat' dir='ltr'>vero</span> <span class='ocrx_word' id='word_1_569' title='bbox 1266 2328 1327 2344; x_wconf 84' lang='lat' dir='ltr'>enm</span> <span class='ocrx_word' id='word_1_570' title='bbox 1349 2328 1400 2344; x_wconf 74' lang='lat' dir='ltr'>rec.</span> <span class='ocrx_word' id='word_1_571' title='bbox 1422 2321 1570 2345; x_wconf 77' lang='lat' dir='ltr'>noluerunt</span> <span class='ocrx_word' id='word_1_572' title='bbox 1589 2321 1676 2350; x_wconf 59' lang='lat' dir='ltr'>Mun„</span> <span class='ocrx_word' id='word_1_573' title='bbox 1699 2323 1742 2346; x_wconf 80' lang='lat' dir='ltr'>Cr.</span> <span class='ocrx_word' id='word_1_574' title='bbox 1758 2334 1767 2338; x_wconf 97' lang='lat'><em>-</em></span> <span class='ocrx_word' id='word_1_575' title='bbox 1783 2320 1864 2344; x_wconf 67' lang='lat' dir='ltr'>vero²</span> <span class='ocrx_word' id='word_1_576' title='bbox 1884 2328 1931 2344; x_wconf 84' lang='lat' dir='ltr'>om.</span> <span class='ocrx_word' id='word_1_577' title='bbox 1946 2320 2032 2347; x_wconf 49' lang='lat' dir='ltr'>Mum.</span> <span class='ocrx_word' id='word_1_578' title='bbox 2055 2320 2099 2344; x_wconf 81' lang='lat' dir='ltr'>Cr.</span> <span class='ocrx_word' id='word_1_579' title='bbox 2114 2331 2125 2336; x_wconf 96' lang='lat'>-</span> <span class='ocrx_word' id='word_1_580' title='bbox 2139 2324 2193 2341; x_wconf 80' lang='lat' dir='ltr'>rec·</span> 
     </span>
     <span class='ocr_line' id='line_1_43' title="bbox 355 2361 2193 2398; baseline -0.005 -1"><span class='ocrx_word' id='word_1_581' title='bbox 355 2374 442 2398; x_wconf 85' lang='lat' dir='ltr'>eidem</span> <span class='ocrx_word' id='word_1_582' title='bbox 469 2374 562 2397; x_wconf 83' lang='lat' dir='ltr'>onmia</span> <span class='ocrx_word' id='word_1_583' title='bbox 587 2379 637 2396; x_wconf 80' lang='lat' dir='ltr'>sua</span> <span class='ocrx_word' id='word_1_584' title='bbox 662 2370 807 2394; x_wconf 75' lang='lat' dir='ltr'>offerentes</span> <span class='ocrx_word' id='word_1_585' title='bbox 832 2369 918 2396; x_wconf 61' lang='lat' dir='ltr'>Mum,</span> <span class='ocrx_word' id='word_1_586' title='bbox 943 2369 986 2390; x_wconf 76' lang='lat' dir='ltr'>Cr.</span> <span class='ocrx_word' id='word_1_587' title='bbox 1010 2379 1040 2382; x_wconf 87' lang='lat'>——</span> <span class='ocrx_word' id='word_1_588' title='bbox 1062 2372 1102 2395; x_wconf 82' lang='lat'>24.</span> <span class='ocrx_word' id='word_1_589' title='bbox 1121 2365 1254 2395; x_wconf 83' lang='lat' dir='ltr'>quod....</span> <span class='ocrx_word' id='word_1_590' title='bbox 1274 2365 1366 2388; x_wconf 80' lang='lat' dir='ltr'>faeere</span> <span class='ocrx_word' id='word_1_591' title='bbox 1387 2373 1454 2396; x_wconf 52' lang='grc' dir='ltr'>αξξ.</span> <span class='ocrx_word' id='word_1_592' title='bbox 1475 2369 1565 2389; x_wconf 77' lang='lat' dir='ltr'>nostra</span> <span class='ocrx_word' id='word_1_593' title='bbox 1581 2378 1611 2382; x_wconf 82' lang='lat'>—</span> <span class='ocrx_word' id='word_1_594' title='bbox 1634 2371 1674 2397; x_wconf 78' lang='lat'>25.</span> <span class='ocrx_word' id='word_1_595' title='bbox 1696 2367 1819 2395; x_wconf 73' lang='lat' dir='ltr'>proxime</span> <span class='ocrx_word' id='word_1_596' title='bbox 1842 2364 1945 2396; x_wconf 77' lang='lat' dir='ltr'>elapsa]</span> <span class='ocrx_word' id='word_1_597' title='bbox 1966 2372 2019 2395; x_wconf 84' lang='lat' dir='ltr'>pax</span> <span class='ocrx_word' id='word_1_598' title='bbox 2039 2363 2125 2395; x_wconf 75' lang='lat' dir='ltr'>elapsi</span> <span class='ocrx_word' id='word_1_599' title='bbox 2143 2361 2193 2388; x_wconf 42' lang='lat' dir='ltr'>Aa</span> 
     </span>
     <span class='ocr_line' id='line_1_44' title="bbox 360 2409 1594 2450; baseline -0.007 -9"><span class='ocrx_word' id='word_1_600' title='bbox 360 2418 450 2450; x_wconf 75' lang='lat' dir='ltr'>elapsi</span> <span class='ocrx_word' id='word_1_601' title='bbox 469 2417 556 2444; x_wconf 69' lang='lat' dir='ltr'>Mun..</span> <span class='ocrx_word' id='word_1_602' title='bbox 579 2416 622 2440; x_wconf 85' lang='lat' dir='ltr'>Cr.</span> <span class='ocrx_word' id='word_1_603' title='bbox 642 2429 674 2433; x_wconf 76' lang='lat'>—</span> <span class='ocrx_word' id='word_1_604' title='bbox 696 2414 736 2438; x_wconf 76' lang='lat'>26.</span> <span class='ocrx_word' id='word_1_605' title='bbox 756 2412 804 2438; x_wconf 72' lang='lat' dir='ltr'>et&#39;2</span> <span class='ocrx_word' id='word_1_606' title='bbox 825 2422 871 2437; x_wconf 80' lang='lat' dir='ltr'>om.</span> <span class='ocrx_word' id='word_1_607' title='bbox 892 2413 933 2441; x_wconf 68' lang='lat' dir='ltr'>A,</span> <span class='ocrx_word' id='word_1_608' title='bbox 952 2411 1040 2440; x_wconf 35' lang='lat' dir='ltr'>Musti,</span> <span class='ocrx_word' id='word_1_609' title='bbox 1063 2410 1107 2434; x_wconf 84' lang='lat' dir='ltr'>Cr.</span> <span class='ocrx_word' id='word_1_610' title='bbox 1129 2423 1159 2426; x_wconf 94' lang='lat'><strong>—</strong></span> <span class='ocrx_word' id='word_1_611' title='bbox 1183 2415 1222 2439; x_wconf 84' lang='lat'>27.</span> <span class='ocrx_word' id='word_1_612' title='bbox 1243 2409 1292 2433; x_wconf 79' lang='lat' dir='ltr'>sed</span> <span class='ocrx_word' id='word_1_613' title='bbox 1311 2417 1358 2433; x_wconf 88' lang='lat' dir='ltr'>om.</span> <span class='ocrx_word' id='word_1_614' title='bbox 1380 2409 1420 2437; x_wconf 58' lang='lat' dir='ltr'>A„</span> <span class='ocrx_word' id='word_1_615' title='bbox 1440 2409 1526 2439; x_wconf 57' lang='lat' dir='ltr'>Mun„</span> <span class='ocrx_word' id='word_1_616' title='bbox 1548 2411 1594 2434; x_wconf 86' lang='lat' dir='ltr'>Cr.</span> 
     </span>
    </p>
   </div>
   <div class='ocr_carea' id='block_1_9' title="bbox 359 2526 1250 2610">
    <p class='ocr_par' dir='ltr' id='par_1_10' title="bbox 359 2526 1250 2610">
     <span class='ocr_line' id='line_1_45' title="bbox 359 2526 1250 2567; baseline -0.011 -9"><span class='ocrx_word' id='word_1_617' title='bbox 359 2541 419 2567; x_wconf 70' lang='lat'>332,</span> <span class='ocrx_word' id='word_1_618' title='bbox 441 2534 460 2557; x_wconf 91' lang='lat' dir='ltr'>il</span> <span class='ocrx_word' id='word_1_619' title='bbox 480 2533 569 2565; x_wconf 78' lang='lat' dir='ltr'>quale.</span> <span class='ocrx_word' id='word_1_620' title='bbox 590 2534 696 2556; x_wconf 87' lang='lat' dir='ltr'>mentre</span> <span class='ocrx_word' id='word_1_621' title='bbox 717 2530 736 2554; x_wconf 87' lang='lat' dir='ltr'>il</span> <span class='ocrx_word' id='word_1_622' title='bbox 753 2533 850 2554; x_wconf 82' lang='lat' dir='ltr'>nostro</span> <span class='ocrx_word' id='word_1_623' title='bbox 865 2529 988 2552; x_wconf 80' lang='lat' dir='ltr'>cronista</span> <span class='ocrx_word' id='word_1_624' title='bbox 1008 2528 1069 2551; x_wconf 88' lang='lat' dir='ltr'>dice</span> <span class='ocrx_word' id='word_1_625' title='bbox 1083 2527 1132 2550; x_wconf 87' lang='lat' dir='ltr'>che</span> <span class='ocrx_word' id='word_1_626' title='bbox 1146 2534 1160 2550; x_wconf 85' lang='lat' dir='ltr'>a</span> <span class='ocrx_word' id='word_1_627' title='bbox 1174 2526 1250 2549; x_wconf 84' lang='lat' dir='ltr'>Savi-</span> 
     </span>
     <span class='ocr_line' id='line_1_46' title="bbox 360 2569 1250 2610; baseline -0.011 -9"><span class='ocrx_word' id='word_1_628' title='bbox 360 2584 453 2610; x_wconf 79' lang='lat' dir='ltr'>gnano</span> <span class='ocrx_word' id='word_1_629' title='bbox 474 2577 501 2599; x_wconf 87' lang='lat' dir='ltr'>vi</span> <span class='ocrx_word' id='word_1_630' title='bbox 527 2582 612 2599; x_wconf 82' lang='lat' dir='ltr'>erano</span> <span class='ocrx_word' id='word_1_631' title='bbox 640 2574 793 2598; x_wconf 77' lang='lat' dir='ltr'>“custodes</span> <span class='ocrx_word' id='word_1_632' title='bbox 819 2578 1000 2604; x_wconf 83' lang='lat' dir='ltr'>parmenses„</span> <span class='ocrx_word' id='word_1_633' title='bbox 1029 2571 1135 2601; x_wconf 77' lang='lat' dir='ltr'>precisa</span> <span class='ocrx_word' id='word_1_634' title='bbox 1161 2569 1209 2592; x_wconf 72' lang='lat' dir='ltr'>che</span> <span class='ocrx_word' id='word_1_635' title='bbox 1236 2577 1250 2592; x_wconf 82' lang='lat' dir='ltr'>a</span> 
     </span>
    </p>
   </div>
   <div class='ocr_carea' id='block_1_10' title="bbox 1303 2523 2196 2602">
    <p class='ocr_par' dir='ltr' id='par_1_11' title="bbox 1303 2523 2196 2602">
     <span class='ocr_line' id='line_1_47' title="bbox 1304 2523 2196 2558; baseline -0.003 -7"><span class='ocrx_word' id='word_1_636' title='bbox 1304 2527 1460 2558; x_wconf 67' lang='lat' dir='ltr'>1³111ugli0</span> <span class='ocrx_word' id='word_1_637' title='bbox 1474 2525 1547 2557; x_wconf 74' lang='lat'>1346,</span> <span class='ocrx_word' id='word_1_638' title='bbox 1562 2527 1590 2550; x_wconf 87' lang='lat' dir='ltr'>su</span> <span class='ocrx_word' id='word_1_639' title='bbox 1604 2527 1770 2549; x_wconf 79' lang='lat' dir='ltr'>incoronato</span> <span class='ocrx_word' id='word_1_640' title='bbox 1783 2533 1797 2549; x_wconf 82' lang='lat' dir='ltr'>a</span> <span class='ocrx_word' id='word_1_641' title='bbox 1807 2524 1917 2548; x_wconf 74' lang='lat' dir='ltr'>Milano</span> <span class='ocrx_word' id='word_1_642' title='bbox 1931 2524 1950 2548; x_wconf 92' lang='lat' dir='ltr'>il</span> <span class='ocrx_word' id='word_1_643' title='bbox 1963 2523 1980 2548; x_wconf 89' lang='lat'>6</span> <span class='ocrx_word' id='word_1_644' title='bbox 1990 2526 2111 2556; x_wconf 84' lang='lat' dir='ltr'>gennaio</span> <span class='ocrx_word' id='word_1_645' title='bbox 2123 2532 2196 2558; x_wconf 81' lang='lat'>1355,</span> 
     </span>
     <span class='ocr_line' id='line_1_48' title="bbox 1303 2567 1892 2602; baseline -0.005 -9"><span class='ocrx_word' id='word_1_646' title='bbox 1303 2572 1350 2602; x_wconf 88' lang='lat' dir='ltr'>poi</span> <span class='ocrx_word' id='word_1_647' title='bbox 1374 2571 1540 2601; x_wconf 74' lang='lat' dir='ltr'>imperatore</span> <span class='ocrx_word' id='word_1_648' title='bbox 1562 2570 1590 2592; x_wconf 87' lang='lat' dir='ltr'>in</span> <span class='ocrx_word' id='word_1_649' title='bbox 1610 2568 1698 2591; x_wconf 75' lang='lat' dir='ltr'>Roma</span> <span class='ocrx_word' id='word_1_650' title='bbox 1720 2568 1739 2590; x_wconf 93' lang='lat' dir='ltr'>il</span> <span class='ocrx_word' id='word_1_651' title='bbox 1761 2575 1773 2599; x_wconf 77' lang='lat'><strong>5</strong></span> <span class='ocrx_word' id='word_1_652' title='bbox 1796 2567 1892 2599; x_wconf 81' lang='lat' dir='ltr'>aprile.</span> 
     </span>
    </p>
   </div>
   <div class='ocr_carea' id='block_1_11' title="bbox 360 2610 1254 2942">
    <p class='ocr_par' dir='ltr' id='par_1_12' title="bbox 360 2610 1250 2694">
     <span class='ocr_line' id='line_1_49' title="bbox 360 2610 1250 2651; baseline -0.011 -7"><span class='ocrx_word' id='word_1_653' title='bbox 360 2627 472 2651; x_wconf 84' lang='lat' dir='ltr'>reggere</span> <span class='ocrx_word' id='word_1_654' title='bbox 493 2619 512 2642; x_wconf 88' lang='lat' dir='ltr'>il</span> <span class='ocrx_word' id='word_1_655' title='bbox 532 2617 648 2642; x_wconf 82' lang='lat' dir='ltr'>castello</span> <span class='ocrx_word' id='word_1_656' title='bbox 668 2624 716 2648; x_wconf 85' lang='lat' dir='ltr'>per</span> <span class='ocrx_word' id='word_1_657' title='bbox 732 2617 737 2639; x_wconf 94' lang='lat' dir='ltr'>i</span> <span class='ocrx_word' id='word_1_658' title='bbox 754 2616 883 2639; x_wconf 85' lang='lat' dir='ltr'>Visconti</span> <span class='ocrx_word' id='word_1_659' title='bbox 906 2615 932 2637; x_wconf 74' lang='lat' dir='ltr'>vi</span> <span class='ocrx_word' id='word_1_660' title='bbox 953 2621 998 2637; x_wconf 83' lang='lat' dir='ltr'>era</span> <span class='ocrx_word' id='word_1_661' title='bbox 1017 2612 1124 2636; x_wconf 83' lang='lat' dir='ltr'>Matteo</span> <span class='ocrx_word' id='word_1_662' title='bbox 1144 2610 1250 2634; x_wconf 84' lang='lat' dir='ltr'>Guida·</span> 
     </span>
     <span class='ocr_line' id='line_1_50' title="bbox 361 2654 1215 2694; baseline -0.012 -8"><span class='ocrx_word' id='word_1_663' title='bbox 361 2664 427 2687; x_wconf 88' lang='lat' dir='ltr'>buoi</span> <span class='ocrx_word' id='word_1_664' title='bbox 447 2667 599 2694; x_wconf 88' lang='lat' dir='ltr'>parmense,</span> <span class='ocrx_word' id='word_1_665' title='bbox 621 2659 669 2682; x_wconf 85' lang='lat' dir='ltr'>che</span> <span class='ocrx_word' id='word_1_666' title='bbox 692 2656 769 2689; x_wconf 80' lang='lat' dir='ltr'>suggi</span> <span class='ocrx_word' id='word_1_667' title='bbox 791 2656 1013 2681; x_wconf 81' lang='lat' dir='ltr'>all’avvicinarsi</span> <span class='ocrx_word' id='word_1_668' title='bbox 1033 2655 1076 2678; x_wconf 87' lang='lat' dir='ltr'>dei</span> <span class='ocrx_word' id='word_1_669' title='bbox 1105 2654 1215 2677; x_wconf 78' lang='lat' dir='ltr'>nemici.</span> 
     </span>
    </p>

    <p class='ocr_par' dir='ltr' id='par_1_13' title="bbox 362 2696 1254 2942">
     <span class='ocr_line' id='line_1_51' title="bbox 449 2696 1250 2730; baseline -0.011 -3"><span class='ocrx_word' id='word_1_670' title='bbox 449 2702 458 2719; x_wconf 82' lang='lat'>²</span> <span class='ocrx_word' id='word_1_671' title='bbox 478 2704 606 2727; x_wconf 83' lang='lat' dir='ltr'>Riuscita</span> <span class='ocrx_word' id='word_1_672' title='bbox 626 2700 866 2725; x_wconf 79' lang='lat' dir='ltr'>favorevolmente</span> <span class='ocrx_word' id='word_1_673' title='bbox 881 2698 1021 2730; x_wconf 77' lang='lat' dir='ltr'>l&#39;Impresa</span> <span class='ocrx_word' id='word_1_674' title='bbox 1036 2698 1063 2721; x_wconf 91' lang='lat' dir='ltr'>di</span> <span class='ocrx_word' id='word_1_675' title='bbox 1079 2696 1250 2728; x_wconf 72' lang='lat' dir='ltr'>Sav1gnano,</span> 
     </span>
     <span class='ocr_line' id='line_1_52' title="bbox 364 2741 1252 2776; baseline -0.012 -5"><span class='ocrx_word' id='word_1_676' title='bbox 364 2749 371 2771; x_wconf 85' lang='grc'>1</span> <span class='ocrx_word' id='word_1_677' title='bbox 392 2747 545 2775; x_wconf 85' lang='lat' dir='ltr'>Modenesi,</span> <span class='ocrx_word' id='word_1_678' title='bbox 567 2745 641 2776; x_wconf 88' lang='lat' dir='ltr'>dopo</span> <span class='ocrx_word' id='word_1_679' title='bbox 666 2751 703 2767; x_wconf 85' lang='lat' dir='ltr'>un</span> <span class='ocrx_word' id='word_1_680' title='bbox 724 2744 789 2774; x_wconf 87' lang='lat' dir='ltr'>paio</span> <span class='ocrx_word' id='word_1_681' title='bbox 809 2743 836 2766; x_wconf 89' lang='lat' dir='ltr'>di</span> <span class='ocrx_word' id='word_1_682' title='bbox 865 2742 1019 2769; x_wconf 68' lang='lat' dir='ltr'>settimanc,</span> <span class='ocrx_word' id='word_1_683' title='bbox 1042 2747 1074 2762; x_wconf 83' lang='lat' dir='ltr'>ne</span> <span class='ocrx_word' id='word_1_684' title='bbox 1101 2741 1252 2770; x_wconf 67' lang='lat' dir='ltr'>tentarono</span> 
     </span>
     <span class='ocr_line' id='line_1_53' title="bbox 363 2779 1252 2819; baseline -0.01 -7"><span class='ocrx_word' id='word_1_685' title='bbox 363 2788 482 2813; x_wconf 87' lang='lat' dir='ltr'>un’altra</span> <span class='ocrx_word' id='word_1_686' title='bbox 503 2794 585 2819; x_wconf 88' lang='lat' dir='ltr'>sopra</span> <span class='ocrx_word' id='word_1_687' title='bbox 596 2786 726 2814; x_wconf 81' lang='lat' dir='ltr'>Fiorano,</span> <span class='ocrx_word' id='word_1_688' title='bbox 748 2784 804 2813; x_wconf 82' lang='lat' dir='ltr'>che,</span> <span class='ocrx_word' id='word_1_689' title='bbox 827 2790 903 2806; x_wconf 83' lang='lat' dir='ltr'>come</span> <span class='ocrx_word' id='word_1_690' title='bbox 925 2783 1069 2813; x_wconf 81' lang='lat' dir='ltr'>sappiamo</span> <span class='ocrx_word' id='word_1_691' title='bbox 1083 2779 1129 2810; x_wconf 76' lang='lat' dir='ltr'>(cs.</span> <span class='ocrx_word' id='word_1_692' title='bbox 1144 2787 1169 2811; x_wconf 84' lang='lat' dir='ltr'>p.</span> <span class='ocrx_word' id='word_1_693' title='bbox 1186 2785 1252 2810; x_wconf 80' lang='lat'>157..</span> 
     </span>
     <span class='ocr_line' id='line_1_54' title="bbox 362 2821 1252 2861; baseline -0.012 -7"><span class='ocrx_word' id='word_1_694' title='bbox 362 2831 393 2854; x_wconf 90' lang='lat' dir='ltr'>ll.</span> <span class='ocrx_word' id='word_1_695' title='bbox 414 2828 478 2861; x_wconf 87' lang='lat'>7-8),</span> <span class='ocrx_word' id='word_1_696' title='bbox 499 2836 545 2852; x_wconf 89' lang='lat' dir='ltr'>era</span> <span class='ocrx_word' id='word_1_697' title='bbox 565 2828 639 2851; x_wconf 87' lang='lat' dir='ltr'>stato</span> <span class='ocrx_word' id='word_1_698' title='bbox 653 2833 733 2858; x_wconf 85' lang='lat' dir='ltr'>preso</span> <span class='ocrx_word' id='word_1_699' title='bbox 754 2827 798 2849; x_wconf 88' lang='lat' dir='ltr'>dai</span> <span class='ocrx_word' id='word_1_700' title='bbox 820 2825 965 2848; x_wconf 72' lang='lat' dir='ltr'>Viscontei</span> <span class='ocrx_word' id='word_1_701' title='bbox 989 2823 1007 2846; x_wconf 88' lang='lat' dir='ltr'>il</span> <span class='ocrx_word' id='word_1_702' title='bbox 1031 2829 1059 2854; x_wconf 80' lang='lat'>13</span> <span class='ocrx_word' id='word_1_703' title='bbox 1080 2821 1189 2852; x_wconf 77' lang='lat' dir='ltr'>luglio:</span> <span class='ocrx_word' id='word_1_704' title='bbox 1210 2829 1252 2844; x_wconf 89' lang='lat' dir='ltr'>ma</span> 
     </span>
     <span class='ocr_line' id='line_1_55' title="bbox 363 2863 1252 2904; baseline -0.012 -8"><span class='ocrx_word' id='word_1_705' title='bbox 363 2880 411 2904; x_wconf 82' lang='lat' dir='ltr'>per</span> <span class='ocrx_word' id='word_1_706' title='bbox 431 2872 450 2895; x_wconf 93' lang='lat' dir='ltr'>il</span> <span class='ocrx_word' id='word_1_707' title='bbox 466 2873 569 2903; x_wconf 86' lang='lat' dir='ltr'>pronto</span> <span class='ocrx_word' id='word_1_708' title='bbox 584 2875 724 2894; x_wconf 79' lang='lat' dir='ltr'>accurrere</span> <span class='ocrx_word' id='word_1_709' title='bbox 737 2869 764 2892; x_wconf 84' lang='lat' dir='ltr'>di</span> <span class='ocrx_word' id='word_1_710' title='bbox 786 2867 905 2891; x_wconf 84' lang='lat' dir='ltr'>Galasso</span> <span class='ocrx_word' id='word_1_711' title='bbox 926 2866 984 2895; x_wconf 78' lang='lat' dir='ltr'>I&#39;io,</span> <span class='ocrx_word' id='word_1_712' title='bbox 1007 2873 1058 2888; x_wconf 80' lang='lat' dir='ltr'>con</span> <span class='ocrx_word' id='word_1_713' title='bbox 1081 2864 1182 2887; x_wconf 77' lang='lat' dir='ltr'>soldati</span> <span class='ocrx_word' id='word_1_714' title='bbox 1199 2863 1252 2886; x_wconf 81' lang='lat' dir='ltr'>del-</span> 
     </span>
     <span class='ocr_line' id='line_1_56' title="bbox 363 2907 1254 2942; baseline -0.012 -4"><span class='ocrx_word' id='word_1_715' title='bbox 363 2915 573 2938; x_wconf 76' lang='lat' dir='ltr'>l’arcivescovo,</span> <span class='ocrx_word' id='word_1_716' title='bbox 593 2911 734 2942; x_wconf 79' lang='lat' dir='ltr'>l’impresa</span> <span class='ocrx_word' id='word_1_717' title='bbox 755 2908 818 2933; x_wconf 81' lang='lat' dir='ltr'>falli</span> <span class='ocrx_word' id='word_1_718' title='bbox 839 2919 852 2932; x_wconf 70' lang='lat' dir='ltr'>e</span> <span class='ocrx_word' id='word_1_719' title='bbox 874 2910 880 2931; x_wconf 94' lang='lat' dir='ltr'>i</span> <span class='ocrx_word' id='word_1_720' title='bbox 901 2908 1045 2931; x_wconf 86' lang='lat' dir='ltr'>Modenesi</span> <span class='ocrx_word' id='word_1_721' title='bbox 1073 2907 1254 2929; x_wconf 76' lang='lat' dir='ltr'>ritornarono</span> 
     </span>
    </p>
   </div>
   <div class='ocr_carea' id='block_1_12' title="bbox 365 2955 1253 3024">
    <p class='ocr_par' dir='ltr' id='par_1_14' title="bbox 365 2955 1253 3024">
     <span class='ocr_line' id='line_1_57' title="bbox 365 2955 496 2980; baseline -0.008 0"><span class='ocrx_word' id='word_1_722' title='bbox 365 2955 496 2980; x_wconf 73' lang='lat' dir='ltr'>nconfitti.</span> 
     </span>
     <span class='ocr_line' id='line_1_58' title="bbox 453 2990 1253 3024; baseline -0.009 -4"><span class='ocrx_word' id='word_1_723' title='bbox 453 2995 463 3011; x_wconf 69' lang='lat'><strong>²</strong></span> <span class='ocrx_word' id='word_1_724' title='bbox 484 2994 568 3020; x_wconf 84' lang='lat' dir='ltr'>Carlo</span> <span class='ocrx_word' id='word_1_725' title='bbox 582 2995 620 3019; x_wconf 83' lang='lat' dir='ltr'>IV</span> <span class='ocrx_word' id='word_1_726' title='bbox 640 2995 667 3018; x_wconf 90' lang='lat' dir='ltr'>di</span> <span class='ocrx_word' id='word_1_727' title='bbox 688 2994 901 3024; x_wconf 83' lang='lat' dir='ltr'>Lussemburgo,</span> <span class='ocrx_word' id='word_1_728' title='bbox 922 2992 1007 3016; x_wconf 83' lang='lat' dir='ltr'>eletto</span> <span class='ocrx_word' id='word_1_729' title='bbox 1022 2999 1049 3015; x_wconf 88' lang='grc'>10</span> <span class='ocrx_word' id='word_1_730' title='bbox 1069 2992 1112 3014; x_wconf 85' lang='lat' dir='ltr'>dei</span> <span class='ocrx_word' id='word_1_731' title='bbox 1134 2990 1253 3014; x_wconf 87' lang='lat' dir='ltr'>Romani</span> 
     </span>
    </p>
   </div>
   <div class='ocr_carea' id='block_1_13' title="bbox 1391 2608 2240 2640">
    <p class='ocr_par' dir='ltr' id='par_1_15' title="bbox 1391 2608 2240 2640">
     <span class='ocr_line' id='line_1_59' title="bbox 1391 2608 2240 2640; baseline -0.001 -6"><span class='ocrx_word' id='word_1_732' title='bbox 1391 2610 1402 2626; x_wconf 81' lang='lat'>3</span> <span class='ocrx_word' id='word_1_733' title='bbox 1416 2612 1453 2634; x_wconf 78' lang='lat' dir='ltr'>M.</span> <span class='ocrx_word' id='word_1_734' title='bbox 1468 2611 1579 2634; x_wconf 70' lang='lat' dir='ltr'>villani</span> <span class='ocrx_word' id='word_1_735' title='bbox 1594 2610 1660 2640; x_wconf 60' lang='lat' dir='ltr'>(Cn,</span> <span class='ocrx_word' id='word_1_736' title='bbox 1676 2609 1722 2639; x_wconf 79' lang='lat' dir='ltr'>IV,</span> <span class='ocrx_word' id='word_1_737' title='bbox 1737 2608 1789 2640; x_wconf 75' lang='grc'><strong>61),</strong></span> <span class='ocrx_word' id='word_1_738' title='bbox 1803 2611 1889 2633; x_wconf 83' lang='lat' dir='ltr'>tratta</span> <span class='ocrx_word' id='word_1_739' title='bbox 1905 2612 1917 2621; x_wconf 70' lang='lat'>⁴*</span> <span class='ocrx_word' id='word_1_740' title='bbox 1929 2609 1970 2633; x_wconf 86' lang='lat' dir='ltr'>de&#39;</span> <span class='ocrx_word' id='word_1_741' title='bbox 1986 2609 2051 2633; x_wconf 81' lang='lat' dir='ltr'>fatti</span> <span class='ocrx_word' id='word_1_742' title='bbox 2066 2610 2093 2633; x_wconf 87' lang='lat' dir='ltr'>di</span> <span class='ocrx_word' id='word_1_743' title='bbox 2115 2609 2198 2633; x_wconf 70' lang='lat' dir='ltr'>Stena</span> <span class='ocrx_word' id='word_1_744' title='bbox 2228 2608 2240 2626; x_wconf 80' lang='lat'><strong>²</strong></span> 
     </span>
    </p>
   </div>
   <div class='ocr_carea' id='block_1_14' title="bbox 1304 2651 2203 3021">
    <p class='ocr_par' dir='ltr' id='par_1_16' title="bbox 1304 2651 2201 2893">
     <span class='ocr_line' id='line_1_60' title="bbox 1305 2651 2200 2685; baseline -0.001 -8"><span class='ocrx_word' id='word_1_745' title='bbox 1305 2654 1318 2667; x_wconf 73' lang='lat'>⁴⁴</span> <span class='ocrx_word' id='word_1_746' title='bbox 1329 2662 1379 2677; x_wconf 61' lang='lat' dir='ltr'>con</span> <span class='ocrx_word' id='word_1_747' title='bbox 1393 2654 1581 2685; x_wconf 75' lang='lat' dir='ltr'>l’imperatore</span> <span class='ocrx_word' id='word_1_748' title='bbox 1591 2671 1613 2683; x_wconf 76' lang='grc'>,,,</span> <span class='ocrx_word' id='word_1_749' title='bbox 1624 2653 1649 2676; x_wconf 83' lang='grc'>31</span> <span class='ocrx_word' id='word_1_750' title='bbox 1665 2652 1745 2683; x_wconf 86' lang='lat' dir='ltr'>quale</span> <span class='ocrx_word' id='word_1_751' title='bbox 1760 2653 1766 2674; x_wconf 91' lang='lat' dir='ltr'>i</span> <span class='ocrx_word' id='word_1_752' title='bbox 1783 2651 1876 2675; x_wconf 78' lang='lat' dir='ltr'>Senesi</span> <span class='ocrx_word' id='word_1_753' title='bbox 1893 2651 2088 2675; x_wconf 83' lang='lat' dir='ltr'>deliberarono</span> <span class='ocrx_word' id='word_1_754' title='bbox 2100 2651 2129 2675; x_wconf 90' lang='lat' dir='ltr'>di</span> <span class='ocrx_word' id='word_1_755' title='bbox 2145 2653 2200 2676; x_wconf 83' lang='lat' dir='ltr'>sot-</span> 
     </span>
     <span class='ocr_line' id='line_1_61' title="bbox 1304 2693 2197 2727; baseline -0.003 -8"><span class='ocrx_word' id='word_1_756' title='bbox 1304 2697 1458 2719; x_wconf 74' lang='lat' dir='ltr'>tomettersi</span> <span class='ocrx_word' id='word_1_757' title='bbox 1483 2700 1494 2707; x_wconf 67' lang='lat'>⁸·</span> <span class='ocrx_word' id='word_1_758' title='bbox 1507 2702 1555 2727; x_wconf 74' lang='lat' dir='ltr'>per</span> <span class='ocrx_word' id='word_1_759' title='bbox 1569 2695 1662 2718; x_wconf 80' lang='lat' dir='ltr'>volere</span> <span class='ocrx_word' id='word_1_760' title='bbox 1675 2695 1887 2725; x_wconf 73' lang='lat' dir='ltr'>compiacere...</span> <span class='ocrx_word' id='word_1_761' title='bbox 1901 2713 1905 2716; x_wconf 97' lang='lat'>.</span> <span class='ocrx_word' id='word_1_762' title='bbox 1920 2693 1945 2717; x_wconf 83' lang='lat' dir='ltr'>al</span> <span class='ocrx_word' id='word_1_763' title='bbox 1964 2694 2074 2717; x_wconf 87' lang='lat' dir='ltr'>minuto</span> <span class='ocrx_word' id='word_1_764' title='bbox 2092 2693 2197 2725; x_wconf 88' lang='lat' dir='ltr'>popolo</span> 
     </span>
     <span class='ocr_line' id='line_1_62' title="bbox 1308 2735 2200 2769; baseline -0.002 -8"><span class='ocrx_word' id='word_1_765' title='bbox 1308 2741 1319 2750; x_wconf 72' lang='lat'>‘⁴</span> <span class='ocrx_word' id='word_1_766' title='bbox 1332 2739 1421 2761; x_wconf 64' lang='lat' dir='ltr'>vh’cra</span> <span class='ocrx_word' id='word_1_767' title='bbox 1443 2737 1586 2769; x_wconf 81' lang='lat' dir='ltr'>imperiale</span> <span class='ocrx_word' id='word_1_768' title='bbox 1601 2755 1613 2765; x_wconf 80' lang='lat'>‚‚</span> <span class='ocrx_word' id='word_1_769' title='bbox 1627 2746 1632 2761; x_wconf 69' lang='grc' dir='ltr'><em>ι</em></span> <span class='ocrx_word' id='word_1_770' title='bbox 1663 2738 1759 2759; x_wconf 78' lang='lat' dir='ltr'>invece</span> <span class='ocrx_word' id='word_1_771' title='bbox 1787 2735 1813 2759; x_wconf 88' lang='lat' dir='ltr'>la</span> <span class='ocrx_word' id='word_1_772' title='bbox 1842 2735 1936 2766; x_wconf 76' lang='lat' dir='ltr'>guelfa</span> <span class='ocrx_word' id='word_1_773' title='bbox 1967 2735 2081 2759; x_wconf 85' lang='lat' dir='ltr'>Firenze</span> <span class='ocrx_word' id='word_1_774' title='bbox 2112 2742 2200 2759; x_wconf 75' lang='lat' dir='ltr'>venne</span> 
     </span>
     <span class='ocr_line' id='line_1_63' title="bbox 1306 2776 2201 2811; baseline -0.002 -8"><span class='ocrx_word' id='word_1_775' title='bbox 1306 2787 1354 2811; x_wconf 77' lang='lat' dir='ltr'>per</span> <span class='ocrx_word' id='word_1_776' title='bbox 1368 2781 1464 2803; x_wconf 84' lang='lat' dir='ltr'>danari</span> <span class='ocrx_word' id='word_1_777' title='bbox 1486 2780 1519 2803; x_wconf 84' lang='lat' dir='ltr'>ad</span> <span class='ocrx_word' id='word_1_778' title='bbox 1541 2779 1657 2802; x_wconf 81' lang='lat' dir='ltr'>accordo</span> <span class='ocrx_word' id='word_1_779' title='bbox 1672 2786 1723 2801; x_wconf 84' lang='lat' dir='ltr'>con</span> <span class='ocrx_word' id='word_1_780' title='bbox 1738 2777 1933 2808; x_wconf 82' lang='lat' dir='ltr'>l&#39;imperatore,</span> <span class='ocrx_word' id='word_1_781' title='bbox 1951 2776 1970 2800; x_wconf 88' lang='lat' dir='ltr'>il</span> <span class='ocrx_word' id='word_1_782' title='bbox 1986 2777 2066 2808; x_wconf 87' lang='lat' dir='ltr'>quale</span> <span class='ocrx_word' id='word_1_783' title='bbox 2080 2778 2201 2809; x_wconf 80' lang='lat' dir='ltr'>promise</span> 
     </span>
     <span class='ocr_line' id='line_1_64' title="bbox 1310 2817 2200 2845; baseline -0.004 1"><span class='ocrx_word' id='word_1_784' title='bbox 1310 2826 1321 2834; x_wconf 75' lang='lat'>‘⁴</span> <span class='ocrx_word' id='word_1_785' title='bbox 1334 2823 1360 2845; x_wconf 83' lang='lat' dir='ltr'>di</span> <span class='ocrx_word' id='word_1_786' title='bbox 1378 2829 1433 2845; x_wconf 88' lang='lat' dir='ltr'>non</span> <span class='ocrx_word' id='word_1_787' title='bbox 1450 2821 1542 2845; x_wconf 78' lang='lat' dir='ltr'>volere</span> <span class='ocrx_word' id='word_1_788' title='bbox 1562 2823 1670 2844; x_wconf 86' lang='lat' dir='ltr'>entrare</span> <span class='ocrx_word' id='word_1_789' title='bbox 1692 2819 1766 2843; x_wconf 81' lang='lat' dir='ltr'>nella</span> <span class='ocrx_word' id='word_1_790' title='bbox 1786 2817 1854 2843; x_wconf 77' lang='lat' dir='ltr'>citta</span> <span class='ocrx_word' id='word_1_791' title='bbox 1866 2838 1871 2842; x_wconf 92' lang='lat'>.</span> <span class='ocrx_word' id='word_1_792' title='bbox 1884 2838 1888 2842; x_wconf 95' lang='lat'>.</span> <span class='ocrx_word' id='word_1_793' title='bbox 1902 2838 1906 2842; x_wconf 96' lang='lat'>.</span> <span class='ocrx_word' id='word_1_794' title='bbox 1919 2838 1924 2842; x_wconf 83' lang='grc'>.</span> <span class='ocrx_word' id='word_1_795' title='bbox 1947 2817 1980 2842; x_wconf 71' lang='lat' dir='ltr'>ne</span> <span class='ocrx_word' id='word_1_796' title='bbox 1996 2820 2023 2842; x_wconf 88' lang='lat' dir='ltr'>in</span> <span class='ocrx_word' id='word_1_797' title='bbox 2039 2819 2138 2843; x_wconf 80' lang='lat' dir='ltr'>alcuna</span> <span class='ocrx_word' id='word_1_798' title='bbox 2153 2827 2200 2843; x_wconf 86' lang='lat' dir='ltr'>sua</span> 
     </span>
     <span class='ocr_line' id='line_1_65' title="bbox 1309 2860 1781 2893; baseline -0.006 -6"><span class='ocrx_word' id='word_1_799' title='bbox 1309 2867 1404 2888; x_wconf 72' lang='lat' dir='ltr'>“terra</span> <span class='ocrx_word' id='word_1_800' title='bbox 1425 2866 1532 2886; x_wconf 85' lang='lat' dir='ltr'>murata</span> <span class='ocrx_word' id='word_1_801' title='bbox 1545 2881 1556 2890; x_wconf 73' lang='lat'><em>„</em></span> <span class='ocrx_word' id='word_1_802' title='bbox 1578 2862 1637 2893; x_wconf 75' lang='lat' dir='ltr'>(ivi,</span> <span class='ocrx_word' id='word_1_803' title='bbox 1657 2861 1703 2891; x_wconf 70' lang='lat' dir='ltr'>IV,</span> <span class='ocrx_word' id='word_1_804' title='bbox 1727 2860 1781 2893; x_wconf 83' lang='lat'>76).</span> 
     </span>
    </p>

    <p class='ocr_par' dir='ltr' id='par_1_17' title="bbox 1309 2903 2203 3021">
     <span class='ocr_line' id='line_1_66' title="bbox 1396 2903 2202 2934; baseline -0.001 -6"><span class='ocrx_word' id='word_1_805' title='bbox 1396 2904 1406 2919; x_wconf 85' lang='lat'>⁴</span> <span class='ocrx_word' id='word_1_806' title='bbox 1428 2904 1530 2932; x_wconf 79' lang='lat' dir='ltr'>Queste</span> <span class='ocrx_word' id='word_1_807' title='bbox 1549 2905 1646 2928; x_wconf 72' lang='lat' dir='ltr'>lettere</span> <span class='ocrx_word' id='word_1_808' title='bbox 1668 2903 1805 2934; x_wconf 79' lang='lat' dir='ltr'>imperiali</span> <span class='ocrx_word' id='word_1_809' title='bbox 1828 2911 1875 2934; x_wconf 76' lang='lat' dir='ltr'>per</span> <span class='ocrx_word' id='word_1_810' title='bbox 1895 2903 1922 2926; x_wconf 91' lang='lat' dir='ltr'>la</span> <span class='ocrx_word' id='word_1_811' title='bbox 1943 2906 2041 2934; x_wconf 82' lang='lat' dir='ltr'>tregua</span> <span class='ocrx_word' id='word_1_812' title='bbox 2062 2906 2104 2927; x_wconf 84' lang='lat' dir='ltr'>tra</span> <span class='ocrx_word' id='word_1_813' title='bbox 2126 2905 2133 2927; x_wconf 91' lang='lat' dir='ltr'>i</span> <span class='ocrx_word' id='word_1_814' title='bbox 2157 2903 2202 2927; x_wconf 76' lang='lat' dir='ltr'>Vi-</span> 
     </span>
     <span class='ocr_line' id='line_1_67' title="bbox 1309 2945 2203 2977; baseline -0.003 -6"><span class='ocrx_word' id='word_1_815' title='bbox 1309 2949 1398 2971; x_wconf 76' lang='lat' dir='ltr'>sconti</span> <span class='ocrx_word' id='word_1_816' title='bbox 1421 2956 1434 2970; x_wconf 82' lang='lat' dir='ltr'>e</span> <span class='ocrx_word' id='word_1_817' title='bbox 1454 2947 1480 2970; x_wconf 89' lang='lat' dir='ltr'>la</span> <span class='ocrx_word' id='word_1_818' title='bbox 1500 2946 1561 2977; x_wconf 82' lang='lat' dir='ltr'>lega</span> <span class='ocrx_word' id='word_1_819' title='bbox 1576 2946 1677 2969; x_wconf 73' lang='lat' dir='ltr'>fui-ono</span> <span class='ocrx_word' id='word_1_820' title='bbox 1693 2945 1799 2976; x_wconf 79' lang='lat' dir='ltr'>spedite</span> <span class='ocrx_word' id='word_1_821' title='bbox 1813 2946 1846 2969; x_wconf 78' lang='lat' dir='ltr'>da</span> <span class='ocrx_word' id='word_1_822' title='bbox 1863 2945 1971 2969; x_wconf 77' lang='lat' dir='ltr'>Milano</span> <span class='ocrx_word' id='word_1_823' title='bbox 1988 2946 2016 2968; x_wconf 86' lang='lat' dir='ltr'>in</span> <span class='ocrx_word' id='word_1_824' title='bbox 2032 2945 2096 2969; x_wconf 77' lang='lat' dir='ltr'>data</span> <span class='ocrx_word' id='word_1_825' title='bbox 2109 2953 2126 2977; x_wconf 94' lang='lat'>9</span> <span class='ocrx_word' id='word_1_826' title='bbox 2140 2952 2203 2976; x_wconf 82' lang='lat' dir='ltr'>gen-</span> 
     </span>
     <span class='ocr_line' id='line_1_68' title="bbox 1309 2986 1794 3021; baseline -0.002 -9"><span class='ocrx_word' id='word_1_827' title='bbox 1309 2991 1374 3013; x_wconf 85' lang='lat' dir='ltr'>naio</span> <span class='ocrx_word' id='word_1_828' title='bbox 1395 2989 1491 3021; x_wconf 63' lang='lat' dir='ltr'>mm..</span> <span class='ocrx_word' id='word_1_829' title='bbox 1512 2989 1573 3011; x_wconf 80' lang='lat' dir='ltr'>Ant.</span> <span class='ocrx_word' id='word_1_830' title='bbox 1596 2992 1650 3017; x_wconf 59' lang='lat' dir='ltr'>est„</span> <span class='ocrx_word' id='word_1_831' title='bbox 1671 2987 1703 3016; x_wconf 76' lang='lat'>11,</span> <span class='ocrx_word' id='word_1_832' title='bbox 1726 2986 1794 3020; x_wconf 75' lang='lat'>122).</span> 
     </span>
    </p>
   </div>
   <div class='ocr_carea' id='block_1_15' title="bbox 2213 832 2251 863">
    <p class='ocr_par' dir='ltr' id='par_1_18' title="bbox 2213 832 2251 863">
     <span class='ocr_line' id='line_1_69' title="bbox 2213 832 2251 863; baseline -0.026 0"><span class='ocrx_word' id='word_1_833' title='bbox 2213 832 2251 863; x_wconf 79' lang='lat'>10</span> 
     </span>
    </p>
   </div>
   <div class='ocr_carea' id='block_1_16' title="bbox 2212 1361 2254 1391">
    <p class='ocr_par' dir='ltr' id='par_1_19' title="bbox 2212 1361 2254 1391">
     <span class='ocr_line' id='line_1_70' title="bbox 2212 1361 2254 1391; baseline -0.024 0"><span class='ocrx_word' id='word_1_834' title='bbox 2212 1361 2254 1391; x_wconf 85' lang='lat'>20</span> 
     </span>
    </p>
   </div>
   <div class='ocr_carea' id='block_1_17' title="bbox 2212 1624 2253 1655">
    <p class='ocr_par' dir='ltr' id='par_1_20' title="bbox 2212 1624 2253 1655">
     <span class='ocr_line' id='line_1_71' title="bbox 2212 1624 2253 1655; baseline -0.024 0"><span class='ocrx_word' id='word_1_835' title='bbox 2212 1624 2253 1655; x_wconf 82' lang='lat'>25</span> 
     </span>
    </p>
   </div>
   <div class='ocr_carea' id='block_1_18' title="bbox 2230 2819 2264 2843">
    <p class='ocr_par' dir='ltr' id='par_1_21' title="bbox 2230 2819 2264 2843">
     <span class='ocr_line' id='line_1_72' title="bbox 2230 2819 2264 2843; baseline 0 -7"><span class='ocrx_word' id='word_1_836' title='bbox 2230 2819 2264 2843; x_wconf 84' lang='lat'>30</span> 
     </span>
    </p>
   </div>
  </div>
 </body>
</html>
