2318 3603
185 400 204 413 6.
225 399 249 415 52

264 394 274 413 b

266 1587 297 1604 10

268 1797 296 1823 15

267 2220 297 2245 25

269 2432 302 2457 30

269 2642 299 2669 35

270 2854 304 2877 40

912 267 1224 304 CHRONICON
1252 267 1560 303 MUTINENSE
1985 273 2036 307 [A.
2057 275 2150 307 1331]

329 340 549 349 -.........=.-.1„1.·...-1
554 341 2149 350 .................................................................................................................................................................................

326 388 471 420 civitatis
495 388 650 420 Mutinae
666 388 702 419 in
719 388 813 420 dicto
829 389 964 421 flumine
981 389 1051 420 sive
1067 388 1163 431 glara
1180 388 1262 419 dicti
1280 387 1424 419 fluminis
1440 398 1502 428 per
1518 388 1650 419 nobiles
1667 388 1757 419 viros
1775 388 1979 428 [Guidonem
1994 389 2039 429 et]
2057 388 2153 421 Man-

322 440 457 471 fredum
482 439 524 472 de
550 439 620 471 Piis
643 439 827 481 [Vicarios]
851 441 955 482 ipsius
978 441 1087 484 Regis
1109 441 1144 472 in
1169 440 1306 472 civitate
1330 440 1501 476 Mutinae:
1535 446 1569 471 et
1593 441 1649 471 die
1682 441 1781 472 lunae
1813 441 1970 482 sequenti
1997 441 2154 473 homines

322 491 457 523 Artium
481 501 516 523 se
541 499 837 534 congregaverant
859 493 893 524 in
918 493 1037 525 maiori
1063 493 1208 525 ecclesia
1232 491 1387 523 Mutinae
1419 492 1649 524 exclamantes
1681 499 1714 524 et
1744 498 1900 533 petentes
1932 503 2007 524 cum
2039 493 2154 524 furore

322 544 496 576 Vicarium
527 545 696 576 forensem
722 545 772 576 eis
797 545 872 577 dari
896 557 958 587 per
982 546 1111 577 dictum
1144 545 1288 587 Regem,
1313 545 1456 576 elevatis
1480 545 1630 586 caputeis
1663 555 1777 577 eorum
1802 545 1845 576 de
1877 546 2048 586 capitibus
2075 546 2154 583 suis,

322 607 408 639 quae
432 597 545 629 omnia
575 603 737 639 tanquam
761 598 906 639 puerilia
929 598 965 629 in
989 598 1159 630 derisione
1191 598 1397 629 transierunt
1412 596 1439 628 ¹.'
1476 597 1521 629 Et
1552 603 1633 629 tunc
1665 598 1759 629 dicto
1792 604 1947 639 tempore
1978 598 2057 630 Rex
2087 604 2155 630 tra-

324 650 415 682 didit
438 650 576 682 domino
599 650 787 682 Manfredo
813 651 856 683 de
880 650 952 682 Piis
975 662 1106 682 merum
1131 650 1189 691 [et]
1214 651 1355 681 mixtum
1388 650 1567 691 imperium
1593 651 1650 691 [et]
1681 650 1787 693 gladii
1820 656 2022 692 potestatem
2054 650 2156 683 castri

322 702 425 744 Carpi
449 702 507 743 [et]
532 703 682 734 omnium
706 703 964 736 iurisdicionum
990 703 1094 744 ipsius
1119 709 1153 735 et
1176 703 1305 734 curiam
1337 702 1381 734 de
1411 703 1524 744 Carpo
1549 709 1582 734 et
1605 713 1731 744 pascua
1755 703 1982 747 ‚Cumignolae
1995 703 2016 734 ².
2056 703 2155 735 Tunc

323 761 441 798 aperta
471 762 505 787 et
529 756 716 787 dismurata
746 756 811 787 fuit
835 762 935 797 porta
959 756 1099 798 Saliceti
1131 762 1165 787 et
1196 756 1244 787 ita
1274 761 1394 797 aperta
1424 761 1457 786 et
1488 756 1559 787 sine
1591 755 1694 787 ianua
1725 757 1817 788 stetit
1848 756 1963 797 plures
1994 756 2066 788 dies
2097 766 2156 787 no-

323 814 476 850 ctesque,
499 809 547 840 ita
569 809 662 851 quod
685 808 792 840 libere
816 819 934 840 omnes
958 809 1000 840 de
1025 808 1082 840 die
1107 819 1147 840 ac
1183 808 1226 839 de
1251 813 1352 840 nocte
1383 814 1541 849 poterant
1577 808 1704 839 intrare
1733 814 1766 840 et
1799 808 1894 840 exire
1930 809 1972 840 de
2001 808 2154 845 civitate;

322 871 408 903 quae
432 866 533 892 antea
563 866 636 892 erat
660 867 792 893 murata
822 872 885 903 per
907 862 1022 903 plures
1046 871 1152 893 annos
1165 859 1216 879 ‘'²''
1228 860 1249 891 ³.
1298 861 1342 892 Et
1366 861 1485 892 eodem
1510 860 1566 892 die
1593 860 1764 892 dominum
1791 861 1983 893 Guidonem
2015 861 2057 893 de
2088 860 2158 893 Piis

321 913 459 945 militari
485 913 624 957 cingulo
650 914 838 946 decoravit.
885 914 929 946 Et
953 914 1048 945 dicta
1071 914 1126 945 die
1150 913 1236 945 iovis
1260 913 1338 955 xviij
1363 913 1483 954 aprilis
1506 913 1718 954 proclamata
1741 913 1805 944 tuit
1828 924 1895 955 pax
1917 914 2011 945 inter
2026 913 2155 946 dictum

324 966 497 998 dominum
514 967 649 1009 Regem
667 972 700 998 et
724 967 900 999 dominum
924 967 1089 1010 Legatum
1114 966 1290 998 Ecclesiae
1304 966 1325 997 ⁴.
1365 966 1430 997 Die
1454 966 1570 997 martis
1593 965 1678 1008 xxiij
1700 966 1818 1007 aprilis
1842 967 1970 998 factum
1988 966 2052 998 fuit
2067 966 2158 998 Con-

321 1018 432 1051 silium
455 1019 616 1063 generale
641 1025 675 1051 et
699 1030 862 1062 arengum
887 1020 923 1050 in
946 1020 1059 1061 platea
1081 1019 1246 1051 Comunis
1259 1018 1280 1055 ⁵,
1304 1019 1340 1050 in
1364 1028 1432 1060 quo
1456 1029 1518 1060 per
1541 1018 1694 1050 sindicos
1717 1018 1886 1060 speciales
1909 1019 1954 1050 ad
1977 1007 2062 1050 haec
2088 1019 2156 1050 ele-

323 1078 396 1105 ctos
420 1077 454 1103 et
478 1072 588 1104 factos
610 1072 647 1103 in
671 1072 762 1104 dicto
779 1072 934 1104 Consilio
959 1072 1074 1104 datum
1099 1072 1163 1103 fuit
1180 1071 1366 1103 dominium
1391 1071 1539 1102 civitatis
1562 1070 1717 1103 Mutinae
1741 1077 1774 1102 et
1791 1071 1963 1103 districtus
1987 1071 2079 1103 dicto
2097 1071 2157 1103 do-

413 1190 463 1207 1-2.
490 1182 598 1207 nobiles
628 1183 704 1207 viros
733 1182 922 1207 Manfredium
948 1183 993 1209 A.;
1022 1182 1145 1207 nobilem
1167 1184 1259 1206 virum
1282 1182 1458 1205 Mansredum
1484 1182 1571 1211 Mun„
1594 1182 1653 1211 Cr.;
1676 1190 1719 1206 ma
1737 1183 1749 1204 ι’
1767 1182 1867 1206 vicarii
1889 1182 1919 1205 di
1936 1181 2052 1206 Modena
2076 1188 2156 1205 erano

323 1227 371 1250 due
391 1235 405 1250 e
422 1228 451 1251 la
470 1227 619 1252 corretione
639 1228 785 1259 suggerita
805 1228 1022 1251 iudirettamenlc
1041 1228 1114 1250 dallo
1134 1230 1215 1250 stesso
1237 1227 1270 1250 A.
1288 1226 1315 1250 ci
1327 1229 1398 1256 parc
1410 1226 1560 1250 necessaria
1579 1239 1610 1243 —-
1633 1232 1657 1250 2.
1678 1224 1818 1256 Viearios]
1834 1225 1975 1250 Vicarium
1990 1233 2059 1257 agg.
2071 1224 2158 1252 Mun..

327 1269 372 1293 Cr.
388 1282 418 1286 —
434 1268 458 1293 6.
472 1270 500 1293 et
519 1270 613 1294 avanti
630 1278 647 1293 a
667 1270 785 1294 mixtum
804 1278 872 1301 agg.
893 1270 980 1299 Mun.¹
1003 1269 1047 1293 Cr.
1067 1280 1078 1286 -
1097 1270 1124 1291 et
1143 1269 1242 1292 avanti
1258 1268 1345 1299 gladii
1364 1275 1411 1291 om.
1431 1268 1510 1291 anche
1528 1267 1615 1294 Mun„
1638 1269 1683 1292 Cr.
1705 1281 1735 1283 ——
1757 1273 1780 1297 7.
1801 1269 1829 1290 et
1848 1268 1942 1291 avanti
1961 1268 2088 1291 omnium
2108 1274 2156 1290 om.

323 1311 403 1334 anche
422 1311 509 1338 Mun„
530 1313 574 1335 Cr.
593 1324 604 1328 -
618 1310 737 1340 curiam]
757 1318 833 1335 aram
854 1312 896 1341 A,
916 1311 1003 1335 Mun..
1019 1311 1063 1335 Cr.
1078 1323 1090 1328 -
1103 1309 1280 1341 Zimignolae
1300 1309 1342 1336 A,
1362 1309 1447 1334 Men..
1464 1311 1510 1333 Cr.
1530 1323 1562 1325 —
1581 1316 1605 1340 9.
1627 1311 1666 1333 ita
1678 1309 1764 1340 quod}
1779 1309 1829 1332 cosi
1844 1310 1930 1338 Mun„
1947 1308 2005 1338 Cn}
2019 1309 2111 1340 itaque
2124 1309 2157 1333 A.

327 1366 356 1369 —-
382 1359 420 1375 η.
434 1352 516 1385 xxiij]
539 1358 569 1383 27
588 1352 632 1379 A..
646 1353 732 1379 Mun„
753 1354 814 1378 Cn:
833 1354 858 1376 il
874 1359 905 1381 27
919 1353 1005 1383 aprile
1025 1359 1086 1378 13³1
1105 1359 1153 1375 era
1171 1351 1261 1374 sabato
1281 1351 1345 1382 (efr.
1365 1355 1427 1374 nota
1440 1350 1467 1381 4)
1483 1364 1512 1367 —
1529 1357 1568 1382 13.
1589 1357 1719 1383 arengam
1739 1351 1786 1375 A:
1800 1357 1901 1382 arenga
1916 1351 2001 1379 Mun„
2015 1350 2061 1374 Cr,
2075 1362 2085 1367 —
2098 1357 2156 1382 spe-

323 1394 406 1418 ciales
419 1403 486 1419 corr.
510 1395 597 1425 Mon„
620 1396 680 1424 Cn}
700 1395 862 1428 spirituales
883 1395 914 1418 Α.
935 1408 943 1412 -
963 1394 997 1418 ad
1016 1394 1068 1417 hoc
1088 1393 1174 1423 Mun.⁸
1197 1394 1242 1417 Cr.

325 1456 430 1480 fratelli
449 1457 556 1481 Matteo
577 1465 591 1481 e
609 1451 814 1489 Niccolo'ffigli
831 1459 858 1482 di
874 1457 999 1488 Ugolino
1020 1456 1068 1479 she
1089 1455 1132 1478 nel
1157 1452 1221 1484 1287

324 1500 346 1522 si
369 1500 602 1530 impadronirono
623 1500 697 1523 della
730 1498 809 1523 rocca
829 1501 856 1523 di
878 1499 1048 1530 Carpineto:
1070 1499 1076 1520 i
1097 1490 1217 1528 figliuoli

324 1541 352 1564 di
373 1542 426 1564 essi
448 1541 491 1565 nel
516 1548 582 1573 1320
596 1543 777 1573 riportarono
792 1542 826 1565 da
841 1542 974 1565 Federico
989 1541 1134 1564 d’Austria
1150 1539 1219 1561 l'in·

326 1584 462 1607 vestitura
482 1584 526 1607 del
548 1584 631 1607 feudo
651 1584 678 1607 di
703 1583 866 1614 Carpineto.
887 1583 1062 1607 confermata
1089 1582 1150 1605 loro
1174 1567 1218 1604 ne1

328 1631 389 1648 1221
413 1626 447 1649 da
468 1625 613 1650 Giovanni
634 1626 711 1650 XXII
722 1625 768 1657 (ef.
783 1625 895 1653 Tiasa,
911 1626 991 1649 illem.
1005 1628 1046 1650 εί..
1060 1624 1079 1651 Ι,
1098 1622 1218 1654 168-170·

325 1672 339 1690 e
357 1667 391 1692 ῘῙ,
412 1666 477 1698 24S;
498 1676 512 1691 e
532 1669 603 1692 Εἰς..
624 1668 643 1692 Ι.
663 1666 733 1699 301).

413 1707 421 1724 ¹
442 1710 465 1733 11
496 1718 524 1734 re
553 1709 699 1734 Giovanni
721 1708 804 1734 entro
834 1718 848 1734 a
868 1710 987 1733 Modena
1009 1709 1028 1732 il
1053 1714 1081 1739 17
1105 1716 1216 1733 marzo:

327 1752 461 1777 “deinde
485 1754 595 1776 morato
617 1752 655 1776 ibi
675 1760 724 1784 per
744 1752 852 1783 aliquot
863 1752 930 1780 dies,
951 1752 1005 1775 ivit
1025 1752 1058 1774 ad
1079 1750 1218 1774 Castrum-

329 1796 340 1807 “
354 1794 480 1819 francum
494 1813 505 1825 „
535 1795 608 1826 (Chr.
623 1799 722 1825 parm..
741 1795 812 1819 ediz.
827 1796 884 1825 cit.‚
898 1802 924 1826 p.
939 1801 998 1825 214,
1012 1794 1042 1818 ll.
1056 1793 1139 1826 9-10).
1177 1793 1217 1818 La

327 1837 545 1861 dimostrazione
566 1837 637 1861 fatta
658 1837 678 1860 il
693 1838 796 1868 giorno
815 1836 843 1860 di
864 1838 911 1868 poi
933 1836 1006 1860 dalle
1020 1837 1215 1867 corporazioni

327 1879 400 1903 delle
419 1879 483 1903 Arti
505 1880 640 1903 radunate
660 1879 704 1903 nel
725 1879 838 1903 Duomo
857 1881 960 1903 mostra
981 1878 1029 1902 che
1050 1878 1123 1902 nella
1149 1876 1217 1901 citta

328 1922 354 1944 vi
369 1928 416 1945 era
435 1921 478 1944 del
499 1921 691 1945 malcontento
711 1923 810 1945 contro
831 1922 839 1944 i
860 1921 920 1944 Pio.

414 1961 425 1978 ²
442 1963 456 1987 1
476 1963 584 1995 pascoli
605 1963 679 1987 della
700 1962 879 1995 Zumignola,
899 1962 947 1986 che
969 1963 1012 1986 nel
1034 1962 1127 1986 secolo
1152 1961 1217 1986 xm

268 2010 279 2027 2
327 2013 412 2029 erano
431 2006 499 2030 stati
519 2005 563 2029 del
585 2012 703 2029 comune
724 2005 752 2028 di
766 2003 876 2036 Reggio
890 2012 904 2028 e
917 2005 964 2036 poi
981 2004 1084 2027 (ιιι-οπο
1098 2005 1140 2027 dei
1157 2004 1217 2028 Pio.

327 2047 352 2071 si
372 2048 561 2071 estendevano
581 2046 627 2070 dal
647 2046 764 2071 castello
784 2047 812 2070 di
828 2046 1000 2070 Panzanello
1013 2047 1073 2076 (ora
1087 2045 1217 2069 Panzano

327 2088 356 2111 di
377 2087 635 2120 Campogalliano),
655 2089 720 2111 sino
740 2087 766 2111 al
786 2087 816 2111 di
842 2089 918 2111 sotto
939 2087 984 2111 dal
1011 2087 1120 2111 molino
1144 2087 1217 2110 della

327 2130 411 2154 Pieve
425 2130 454 2153 di
473 2129 558 2161 Carpi
572 2129 620 2161 (es.
633 2129 745 2160 TIRAB.‚
756 2130 827 2160 Diz„
841 2129 876 2159 Π,
890 2128 960 2161 423).
979 2128 1019 2152 Le
1032 2129 1175 2160 larghezze
1187 2129 1217 2152 di

328 2180 355 2195 re
376 2171 523 2196 Giovanni
548 2179 629 2196 verso
649 2172 659 2195 i
679 2171 732 2195 Pio
758 2172 783 2195 si
803 2173 938 2203 spiegano
965 2171 1051 2195 anche
1077 2171 1121 2194 col
1143 2170 1216 2195 fatto

327 2214 376 2237 che
396 2214 459 2242 essi,
480 2214 597 2237 insieme
617 2221 670 2237 con
691 2213 756 2237 altri
784 2213 880 2237 nobili
906 2214 1058 2239 modenesi,
1083 2214 1106 2236 si
1133 2220 1217 2236 erano

328 2257 380 2280 resi
401 2257 510 2287 garanti
526 2255 608 2287 peril
629 2263 656 2279 re
675 2255 749 2279 della
769 2263 874 2279 somma
894 2255 923 2279 di
946 2254 1012 2278 1800
1030 2255 1125 2278 fiorini
1139 2256 1217 2278 d'oro

329 2306 342 2320 a
363 2297 403 2321 lui
424 2298 484 2322 dati
498 2297 543 2321 dal
564 2304 683 2321 comune
703 2297 732 2320 di
752 2297 880 2327 Bologna
894 2297 941 2327 (cf.
962 2297 1048 2325 Mun„
1067 2297 1128 2320 Ant.
1149 2297 1218 2330 Est,

326 2339 360 2366 Π,
380 2338 432 2371 93).
470 2339 493 2362 Il
513 2339 639 2370 diploma
660 2340 737 2370 regio
757 2339 1020 2362 dcll'infeudazione
1036 2338 1064 2361 di
1086 2337 1169 2370 Carpi
1190 2339 1215 2361 ai

328 2381 381 2404 Pio
402 2388 459 2404 non
480 2381 504 2404 si
530 2387 667 2408 conosce;
688 2388 731 2404 ma
752 2382 784 2404 ad
805 2388 866 2404 esso
886 2381 910 2404 si
936 2380 1028 2404 allude
1057 2380 1217 2403 manifesta-

329 2425 420 2447 mente
441 2422 485 2446 nel
506 2424 625 2446 trattato
655 2423 699 2446 del
723 2422 797 2454 1336,
817 2423 861 2446 col
891 2422 971 2453 quale
999 2423 1052 2446 essi
1079 2423 1217 2446 cedettero

329 2464 355 2487 la
387 2464 514 2495 signoria
542 2463 571 2487 di
600 2464 721 2488 Modena
754 2463 811 2495 agli
839 2463 951 2487 Estensi
980 2462 1077 2495 (th.‚
1109 2463 1157 2492 ivi,
1183 2462 1217 2492 Π,

329 2504 362 2537 89
385 2505 463 2537 sgg.).

417 2545 427 2562 ³
447 2545 505 2574 Qui
525 2548 593 2570 deve
613 2548 714 2570 esservi
737 2554 792 2570 una
814 2546 932 2575 lacuna;
952 2547 1075 2579 parendo
1095 2547 1217 2575 difficile,

330 2596 377 2621 per
397 2588 491 2620 quello
511 2589 560 2612 che
586 2596 677 2620 segue,
696 2589 744 2612 che
764 2589 786 2612 il
812 2589 937 2613 cronista
960 2589 1041 2612 abbia
1061 2595 1169 2612 ornesso
1188 2589 1216 2612 di

331 2638 442 2654 narrare
461 2630 510 2654 che
531 2630 551 2653 11
573 2638 600 2653 re
619 2629 765 2654 Giovanni
780 2638 794 2654 e
807 2630 829 2654 il
844 2631 936 2661 legato
950 2630 1104 2654 Bertrando
1118 2630 1218 2653 ebbero

330 2678 367 2695 un
387 2673 479 2704 primo
502 2671 649 2702 colloquio
669 2679 683 2695 a
704 2671 900 2695 Castelfranco
927 2671 947 2694 il
971 2678 1002 2702 19
1027 2678 1127 2701 marzo,
1147 2678 1161 2694 e
1179 2678 1217 2694 un

331 2713 404 2737 altro
425 2713 446 2736 il
461 2719 496 2736 20
509 2721 523 2737 a
538 2713 696 2739 Piumazzo,
717 2714 746 2736 in
768 2720 830 2737 casa
849 2714 894 2737 dei
914 2712 1127 2740 Boccadiferro;
1143 2713 1217 2745 dopo

331 2756 352 2779 il
373 2756 454 2787 quale
473 2755 577 2779 ultimo
597 2756 745 2787 colloquio
766 2756 804 2785 su,
825 2756 899 2780 nella
919 2758 1005 2780 stessa
1024 2758 1096 2780 terra
1111 2756 1140 2779 di
1154 2756 1217 2779 Piu-

331 2806 430 2828 mazzo,
450 2798 623 2829 proclamata
643 2797 669 2821 la
689 2805 755 2830 pace
774 2800 817 2822 tra
838 2798 859 2821 il
880 2806 907 2822 re
921 2806 934 2821 e
948 2798 969 2821 il
984 2798 1085 2829 legato.
1124 2798 1163 2821 La
1179 2798 1217 2822 13·

330 2847 402 2863 cuna
421 2840 445 2863 si
465 2838 521 2871 put')
548 2840 678 2871 riempire
707 2847 760 2863 con
780 2841 806 2863 le
834 2840 932 2872 parole
951 2840 1000 2863 che
1030 2840 1073 2863 nel
1101 2839 1219 2863 Morano

331 2881 369 2912 (p.
384 2888 431 2913 193
446 2881 581 2905 dell'ediz.
597 2881 756 2912 modenese)
771 2882 795 2905 si
807 2882 930 2914 leggono
942 2889 956 2905 a
967 2884 1065 2913 questo
1076 2882 1161 2913 luogo
1175 2881 1217 2905 fra

331 2923 358 2946 la
370 2923 479 2947 notizia
491 2922 686 2955 dell’apertura
697 2923 772 2946 della
782 2926 864 2956 porta
872 2923 902 2947 di
913 2922 1035 2947 Saliceto
1049 2930 1062 2946 e
1072 2923 1165 2953 quella
1174 2922 1216 2945 del

331 2964 505 2987 cavalierato
532 2964 672 2988 conferito
699 2971 714 2987 a
743 2963 838 2988 Guido
867 2963 930 2988 Pio:
954 2964 1025 2988 “....
1055 2970 1103 2996 per
1128 2964 1218 2994 plures

337 3007 347 3018 ‘¹
360 3013 458 3030 annos,
487 3006 520 3029 Et
548 3007 592 3030 die
606 3006 707 3030 Martis
720 3006 863 3037 predictus
876 3006 936 3030 Rex
950 3006 1003 3030 ivit
1018 3005 1052 3030 ad
1067 3006 1219 3038 parlamen-

1277 1454 1289 1466 ‘¹
1301 1456 1357 1478 tum
1378 1462 1437 1478 cum
1458 1453 1564 1486 Legato
1589 1455 1711 1478 Ecclesie
1732 1455 1764 1478 ad
1795 1455 1923 1479 Castrum
1953 1453 2107 1478 Franchum
2133 1455 2161 1478 et

1277 1499 1366 1521 “tune
1387 1505 1483 1521 omnes
1512 1498 1620 1521 nobiles
1645 1499 1794 1521 extrinseci
1826 1498 1998 1521 mutinenses
2026 1498 2161 1520 venerunt

1277 1544 1287 1552 ··
1301 1540 1413 1563 obviam
1434 1539 1511 1563 dicto
1525 1539 1594 1571 Regi
1614 1542 1642 1563 et
1656 1539 1853 1563 descendentes
1872 1540 1949 1570 equis
1963 1539 2019 1570 ipsi
2032 1538 2102 1570 Regi
2115 1546 2161 1570 ge-

1276 1581 1288 1593 “
1300 1582 1383 1605 nibus
1396 1581 1475 1605 flexis
1490 1582 1658 1605 detulerunt.
1681 1581 1717 1605 Et
1730 1581 1856 1612 sequenti
1870 1581 1915 1604 die
1925 1580 2058 1604 Mercurii
2069 1580 2160 1604 dictus

1276 1624 1287 1635 ‘⁴
1300 1622 1359 1647 Rex
1378 1624 1479 1647 iterum
1500 1624 1555 1647 ivit
1575 1623 1608 1647 ad
1628 1623 1832 1654 parlamentum
1858 1630 1920 1646 cum
1947 1623 2024 1646 dicto
2044 1622 2159 1646 domino

1275 1666 1286 1677 ‘⁴
1301 1665 1404 1696 Legato
1418 1666 1453 1688 ad
1466 1668 1568 1689 terram
1588 1666 1732 1692 Plumatii,
1745 1667 1773 1688 et
1787 1665 1831 1688 die
1844 1665 1920 1688 Iovis
1935 1665 2060 1695 sequenti
2076 1664 2161 1688 rediit
2193 1675 2202 1680 -

1275 1708 1287 1719 ‘¹
1300 1710 1326 1730 et
1347 1708 1465 1731 militari
1485 1707 1600 1739 cingulo
1619 1708 1765 1731 decoravit
1785 1707 1929 1730 dominum
1949 1705 2110 1730 Gnidonem
2129 1706 2162 1730 de

1275 1748 1287 1760 ‘⁴
1299 1748 1358 1772 Piis
1377 1756 1458 1780 super
1477 1749 1678 1780 circumspatio
1697 1749 1815 1773 Maioris
1835 1748 1958 1772 Ecclesie
1972 1748 2089 1772 Mutine.
2126 1746 2161 1771 Et

1275 1790 1287 1802 ‘¹
1299 1790 1374 1813 dicta
1394 1792 1447 1818 die,
1475 1794 1521 1814 etc.
1535 1808 1558 1820 „.

1357 1830 1367 1845 ⁴
1387 1830 1493 1858 Qucsta
1513 1840 1578 1863 pace
1599 1834 1641 1856 tra
1663 1832 1681 1855 il
1705 1839 1731 1855 re
1758 1827 1902 1855 G'iovanni
1929 1839 1943 1854 e
1964 1831 1984 1854 il
2005 1831 2077 1855 card.
2097 1831 2160 1854 Ber-

1272 1873 1373 1896 trando
1386 1874 1414 1897 su
1429 1873 1542 1897 l'effetto
1557 1874 1599 1897 del
1615 1881 1761 1905 convegno
1776 1874 1824 1897 che
1835 1874 1934 1897 ebbero
1946 1874 1990 1897 nel
2006 1873 2122 1897 castello
2132 1873 2160 1896 di

1272 1914 1425 1940 Piumazzo.
1435 1916 1513 1941 dove.
1524 1916 1584 1939 dice
1595 1916 1613 1938 il
1625 1915 1745 1939 Grifl‘onl
1756 1914 1926 1947 (Alem.l1ist.‚
1936 1922 1963 1947 p.
1971 1922 2013 1946 39,
2023 1914 2052 1937 ll.
2066 1912 2161 1945 16-17).

1274 1957 1285 1968 ‘⁴
1300 1958 1326 1979 in
1349 1957 1431 1980 domo
1451 1957 1562 1980 Nicolai
1584 1958 1616 1981 de
1631 1957 1822 1981 Bocadeferris
1843 1957 1958 1980 insimul
1973 1957 2160 1981 comederunt.

1274 1999 1493 2022 “dormiverunt
1514 2001 1540 2022 et
1563 2007 1658 2030 pacem
1679 2000 1803 2023 fecerunt
1816 2017 1838 2027 ,,.
1876 1999 2026 2030 Aggiunge
2052 1998 2071 2021 il
2101 1998 2161 2021 Chr.

1266 2043 1365 2069 parm..
1386 2047 1411 2072 p.
1428 2046 1485 2069 ²14-
1503 2047 1533 2070 14
1547 2047 1617 2071 sgg..
1632 2040 1680 2063 che
1696 2039 1709 2051 “
1722 2041 1750 2063 in
1765 2039 1940 2070 parlamento
1956 2046 2021 2062 vero
2034 2040 2061 2062 et
2075 2037 2160 2076 colle:

1274 2082 1286 2093 ‘⁴
1299 2083 1365 2112 quio
1387 2082 1461 2105 facto
1483 2083 1556 2105 inter
1576 2082 1718 2112 predictos
1738 2082 1869 2105 dominos
1889 2081 2011 2112 legatum
2031 2082 2057 2104 et
2072 2087 2162 2111 regem

1275 2125 1286 2136 ‘¹
1300 2124 1331 2147 de
1351 2124 1436 2147 dictis
1455 2126 1482 2147 et
1502 2125 1631 2147 tractatis
1650 2131 1698 2154 per
1717 2131 1763 2146 eos
1784 2123 1822 2146 ibi
1844 2123 1917 2146 nihil
1931 2122 2042 2153 publice
2062 2123 2161 2146 scitum

1275 2166 1362 2191 “fuit,
1383 2167 1448 2196 quia
1470 2167 1523 2197 ipsi
1545 2166 1598 2189 soli
1621 2166 1701 2189 ambo
1722 2166 1804 2189 simul
1825 2168 1852 2188 et
1872 2165 1943 2188 nulli
1966 2165 2014 2188 alii
2036 2172 2097 2188 cum
2122 2165 2162 2188 eis

1274 2207 1471 2237 “colloquium
1501 2208 1574 2231 inter
1595 2215 1622 2231 se
1648 2208 1820 2235 habuerunt3
1847 2209 1874 2230 et
1901 2207 2013 2230 stabant
2040 2207 2078 2230 sic
2106 2206 2159 2229 soli

1275 2250 1287 2261 “
1298 2250 1366 2273 bene
1385 2251 1521 2280 quantum
1535 2252 1630 2280 posset
1643 2250 1762 2280 equitari
1778 2256 1826 2280 per
1840 2249 1895 2272 duo
1909 2249 2032 2272 miliaria
2049 2249 2076 2271 et
2089 2248 2162 2279 plus,

1275 2291 1338 2314 “ita
1357 2291 1431 2321 quod
1453 2291 1525 2313 nihil
1549 2292 1614 2314 sciri
1636 2292 1731 2322 potuit
1743 2309 1764 2319 ,,.

1359 2331 1370 2348 ⁵
1390 2332 1485 2357 Scrive
1506 2334 1534 2357 di
1556 2332 1601 2357 clo
1621 2333 1644 2357 il
1671 2333 1835 2357 Tiraboschi
1858 2334 1949 2364 (stlem.
1969 2336 2011 2360 st.,
2030 2332 2063 2360 11,
2084 2330 2161 2363 246);

1274 2377 1286 2388 “
1299 2378 1335 2400 ,λ’
1349 2384 1380 2409 ²3
1395 2378 1423 2401 di
1445 2377 1542 2408 aprile,
1555 2384 1635 2401 come
1649 2378 1675 2401 ci
1689 2381 1793 2401 mostra
1807 2377 1888 2400 l‘at‘to
1903 2377 2059 2405 autentico,
2073 2376 2121 2400 che
2135 2383 2162 2400 se

1274 2419 1330 2443 “ne
1348 2426 1484 2443 conserva
1505 2419 1550 2443 nel
1570 2421 1679 2451 segreto
1699 2419 1829 2443 archivio
1849 2418 1972 2446 Estense‚
1988 2418 2126 2442 radunato
2140 2417 2162 2441 il

1274 2460 1287 2473 “
1299 2460 1409 2492 general
1430 2460 1582 2492 Consiglio
1603 2461 1676 2485 della
1691 2459 1761 2485 citta
1777 2460 1851 2484 nella
1864 2460 1960 2492 piazza
1975 2460 2127 2491 maggiore,
2147 2467 2163 2483 a

1274 2505 1344 2529 “cui
1362 2505 1393 2528 in
1414 2505 1604 2536 grandissimo
1626 2512 1741 2528 numero
1764 2505 1965 2528 intervennero
1991 2505 2033 2527 tra
2060 2502 2161 2531 nobili,

1274 2547 1285 2558 ‘⁴
1298 2546 1427 2579 popolari
1443 2554 1456 2570 e
1471 2547 1514 2570 del
1529 2548 1659 2575 contado,
1670 2546 1691 2570 il
1702 2547 1822 2578 giudice,
1835 2547 1944 2577 esposte
1958 2545 1983 2569 le
1997 2545 2162 2576 gravissime

1274 2589 1286 2600 “
1299 2587 1429 2613 calamita
1450 2589 1504 2612 alle
1523 2588 1600 2620 quali
1621 2588 1743 2612 Modena
1762 2595 1807 2612 era
1827 2589 1899 2611 stata
1919 2588 1963 2611 sin
1987 2586 2076 2611 allora
2099 2594 2162 2619 sog-

1275 2630 1287 2643 “
1299 2632 1384 2661 gesta,
1404 2630 1523 2654 richiese
1543 2630 1607 2661 qual
1628 2637 1722 2654 mezzo
1741 2630 1848 2653 efficace
1868 2630 1978 2660 potesse
1998 2628 2121 2653 trovarsi
2147 2636 2161 2652 a

1274 2672 1397 2696 “finirle.
1435 2672 1581 2696 Petruccio
1607 2671 1719 2696 Marsili
1747 2671 1776 2694 fu
1804 2671 1824 2694 11
1852 2671 1944 2702 primo
1964 2678 1979 2693 a
1999 2677 2110 2701 sorgere
2130 2670 2161 2693 in

1274 2714 1286 2725 “
1298 2713 1374 2745 piedi
1395 2721 1408 2736 e
1423 2722 1436 2737 a
1451 2721 1587 2745 propo-tre
1607 2713 1655 2736 che
1671 2713 1691 2736 il
1706 2713 1836 2736 dominio
1857 2711 1929 2735 della
1943 2709 2013 2735 cittir
2029 2711 2053 2734 si
2066 2712 2161 2735 confe—
2211 2727 2222 2735 .

1275 2754 1287 2767 “
1300 2755 1367 2778 risse
1388 2763 1401 2778 a
1427 2754 1573 2778 Giovanui
1603 2763 1630 2778 re
1659 2754 1688 2777 (li
1716 2754 1837 2777 Boemia.
1864 2754 1913 2776 che
1939 2761 1983 2776 era
2011 2755 2118 2776 tuttora
2147 2761 2162 2776 a

1275 2797 1287 2809 “
1298 2797 1425 2820 Modens..
1465 2796 1492 2820 Si
1515 2795 1617 2820 ordino
1632 2796 1721 2819 allora
1736 2795 1784 2818 che
1798 2794 1883 2825 quelli
1900 2795 1948 2818 ch:
1963 2801 2162 2825 approvavano

1274 2838 1287 2850 α
1302 2841 1399 2869 questo
1421 2840 1527 2869 partito
1548 2839 1696 2862 dovessvm
1717 2837 1817 2860 lovan-si
1834 2836 1853 2859 il
1869 2838 2022 2868 cnppuceio
2037 2845 2050 2859 c
2071 2836 2120 2860 che
2141 2836 2162 2860 il

1273 2880 1286 2893 ‘⁴
1297 2883 1436 2903 ton-essere
1448 2880 1534 2911 quelli
1548 2880 1597 2903 che
1610 2886 1666 2902 non
1679 2880 1909 2910 l':=pprovavano.
1949 2875 1999 2901 Pii:
2012 2878 2040 2901 ‹li
2052 2877 2162 2901 tremila

1275 2924 1286 2934 ‘⁴
1298 2922 1379 2945 fuson
1395 2922 1480 2953 quelli
1497 2923 1545 2945 che
1556 2922 1634 2945 tosto
1650 2921 1669 2944 il
1689 2923 1825 2945 trassero:
1840 2928 1853 2943 e
1868 2920 1968 2951 quincii
1982 2921 2094 2951 quattro
2111 2919 2162 2943 cit-

1276 2967 1286 2976 ¹⁴
1300 2964 1393 2987 tadini
1415 2964 1516 2987 furono
1531 2963 1609 2987 scelti
1631 2964 1662 2987 ad
1679 2963 1831 2986 andarsene
1851 2961 1876 2985 al
1899 2970 1926 2985 re
1945 2970 1958 2985 e
1979 2963 2010 2985 ad
2027 2961 2160 2992 offerirgli

1260 3006 1288 3033 ⁷¹⁴
1303 3008 1490 3029 nuovamente
1511 3004 1531 3028 il
1552 3005 1681 3029 dominio
1702 3005 1728 3027 di
1750 3004 1886 3027 Modenn:
1903 3004 2006 3027 furono
2020 3005 2072 3026 essi
2093 3001 2162 3027 Gio-

2186 861 2222 891 10

2189 1460 2220 1486 ⁴5

2191 1885 2221 1912 55

2191 2519 2224 2546 70

2190 2933 2224 2958 80
