2370 3603
92 823 130 854 10

95 1074 131 1106 15

93 1550 124 1567 10

96 1997 130 2015 20

98 2202 130 2228 ²5

100 2416 134 2441 30

103 2625 133 2652 35

104 2838 140 2863 40

157 229 239 268 [ΑΛ.
262 233 458 266 1249-1250]
780 224 1033 261 IOHANNIS
1061 225 1131 261 DE
1159 219 1378 261 BAZANO

244 357 410 390 Dominus
433 358 574 400 Trenga
590 357 633 389 de
652 357 736 389 Cela
759 357 993 390 cremonensis
1016 357 1172 389 Potestas
1195 357 1349 388 Mutinae
1367 355 1427 397 [in]
1444 355 1648 398 M.ccxlviiij
1665 355 1685 386 ¹.
1725 354 1828 386 Dicto
1845 360 1999 396 tempore

156 414 293 450 captum
319 408 384 440 fuit
409 413 556 439 castrum
582 407 680 440 Aroli
705 418 768 449 per
792 408 949 440 dominos
966 407 1104 439 Petrum
1120 406 1311 438 Antonium
1337 412 1370 438 et
1394 406 1666 438 Brancaleonem
1683 405 1813 437 domini
1833 405 2000 447 Johannis

155 458 348 491 Bonifacii²
372 465 405 490 et
421 469 482 500 per
498 459 625 495 socios;
650 459 742 490 unde
767 459 859 490 venit
876 469 935 490 rex
954 458 1123 490 Henricus
1139 457 1175 488 in
1192 457 1369 490 obsidione
1386 457 1459 488 eius
1476 457 1577 488 castri
1602 467 1679 488 cum
1696 455 1843 499 Reginis
1859 462 1892 488 et
1909 457 2000 498 cepit

155 512 287 544 dictum
312 517 461 544 castrum
486 517 519 542 et
544 511 587 542 de
611 511 679 542 illis
711 511 770 553 qui
803 517 900 543 erant
933 511 966 542 in
999 511 1094 543 dicto
1127 516 1238 542 castro
1270 509 1392 551 laqueo
1416 509 1578 551 suspendi
1603 509 1686 541 fecit
1710 508 1805 540 circa
1828 516 1963 541 centum
1978 509 1999 540 ⁸.

155 562 220 580 ***⁴
237 563 341 596 Dicto
366 570 518 604 tempore
544 563 601 594 die
626 563 713 595 iovis
737 563 836 605 xxiij⁰
860 563 1051 596 decembris
1067 563 1163 595 venit
1187 562 1345 594 dominus
1362 561 1557 603 Episcopus
1579 561 1780 593 mutinensis
1802 566 1836 592 et
1860 561 2001 594 intravit

154 614 324 646 Mutinam
342 625 420 646 cum
439 614 572 646 duobus
595 614 794 655 potentibus
811 615 854 645 de
873 614 1012 646 civitate
1037 612 1227 650 Bononiae,
1246 612 1386 644 domino
1404 612 1595 644 Bonefacio
1612 612 1741 644 domini
1759 611 1948 644 Castellani
1965 619 1999 645 et

155 667 290 699 Comite
309 667 352 699 de
369 666 662 708 Prendipartibus‚
681 666 739 708 qui
757 667 896 699 fuerunt
912 667 1013 698 electi
1032 666 1066 697 in
1083 665 1306 707 potestatibus
1330 665 1486 697 Mutinae
1502 675 1565 706 per
1581 664 1755 696 dominum
1772 664 1999 697 Octavianum

154 719 365 751 cardinalem
390 725 424 751 et
447 719 595 762 legatum
620 719 799 750 Ecclesiae
823 725 857 751 et
881 730 941 761 per
964 718 1179 750 Mutinenses
1203 718 1260 760 qui
1291 724 1388 749 erant
1420 719 1464 750 ad
1497 718 1627 750 dictam
1651 727 1773 758 pacem
1798 717 1996 750 faciendam

154 775 188 801 et
204 770 459 811 recipiendam3
477 776 510 801 et
528 770 583 801 die
599 769 760 810 predicta
776 770 930 801 redditae
947 770 1087 800 fuerunt
1103 768 1223 800 missae
1239 774 1273 800 et
1290 768 1401 800 officia
1419 768 1555 799 comuni
1573 766 1730 799 Mutinae
1746 773 1780 799 et
1796 767 2002 807 hominibus,

154 823 236 864 quia
259 828 342 854 tunc
367 822 489 854 civitas
513 828 586 853 erat
610 822 813 859 interdicta;
840 828 873 854 et
898 822 953 853 die
978 821 1112 852 veneris
1136 821 1255 853 ultimo
1287 820 1482 852 decembris
1512 821 1691 862 predictus
1715 820 1871 852 dominus
1903 821 2004 864 Jaco-

154 873 254 914 pinus
277 873 470 915 Rangonus
493 872 609 915 Regio
634 873 740 904 rediit
764 873 800 903 in
826 873 966 904 civitate
991 872 1146 903 Mutinae
1170 882 1248 903 cum
1272 871 1425 914 gaudi[o]
1450 877 1484 903 et
1507 872 1638 902 honore
1652 870 1673 902 ⁵.

242 923 410 955 Dominus
435 923 545 955 Conte
571 923 613 955 de
638 922 932 964 Prendepartibus
949 922 992 954 de
1008 921 1166 953 Bononia
1183 922 1243 963 [et]
1261 922 1419 954 dominus
1443 921 1654 953 Bonefacius
1671 921 1801 953 domini
1818 920 2003 955 castellani

155 972 372 1014 Potesta[te]s
395 973 551 1004 Mutinae
576 973 635 1014 [in]
652 973 757 1005 M.ccl
771 972 792 1004 ⁶.
817 973 920 1005 Dicto
937 979 1090 1014 tempore
1109 973 1164 1004 die
1190 972 1363 1005 dominico
1379 972 1449 1014 xvj⁰
1465 971 1614 1003 ianuarii
1631 972 1725 1003 facta
1742 971 1807 1003 fuit
1822 983 1891 1013 pax
1907 973 2002 1005 Ran-

155 1034 280 1066 gonum
304 1030 337 1055 et
361 1024 496 1056 illorum
522 1024 564 1055 de
589 1023 742 1056 Rudelia
766 1034 808 1055 ex
832 1034 900 1054 una
923 1028 1021 1065 parte
1047 1028 1080 1054 et
1104 1023 1240 1055 illorum
1265 1023 1307 1054 de
1332 1022 1493 1065 Gorcano
1511 1032 1554 1053 ex
1572 1022 1681 1053 altera
1704 1022 1739 1053 in
1755 1021 1896 1055 Palacio
1912 1034 2002 1056 novo

158 1074 311 1107 comunis
334 1074 489 1106 Mutinae
513 1074 547 1105 in
572 1075 676 1115 pleno
702 1080 735 1106 et
757 1074 912 1117 generali
936 1073 1078 1105 consilio
1103 1078 1136 1105 et
1161 1073 1195 1104 in
1219 1072 1402 1114 presencia
1419 1072 1548 1105 domini
1564 1072 1747 1104 Octaviani
1764 1073 1950 1106 cardinalis
1967 1081 2001 1107 et

247 1174 268 1191 1.
288 1168 428 1191 Dominus
448 1168 563 1191 Tremea
577 1168 610 1192 de
623 1167 682 1191 cela
701 1168 743 1196 A„
757 1175 806 1191 ove
824 1167 849 1190 il
860 1167 882 1190 T
905 1166 918 1190 ὲ
936 1168 1028 1190 scritto
1041 1170 1121 1198 sopra
1133 1167 1157 1190 il
1167 1169 1236 1191 resto
1249 1174 1263 1189 e
1276 1165 1381 1189 d’altra
1400 1173 1491 1195 numo,-
1510 1166 1620 1197 Tregua
1640 1166 1674 1190 de
1692 1165 1768 1190 Cella
1787 1167 1880 1197 Mun„
1893 1168 1998 1192 Romea

155 1209 188 1233 de
206 1208 237 1233 C.
259 1210 304 1233 Cr.
324 1222 357 1226 —
379 1215 449 1233 1-12.
474 1209 624 1234 Dicto....
651 1209 768 1238 honore,
795 1216 842 1233 om.
868 1208 944 1232 Mun.
971 1209 994 1231 il
1016 1209 1094 1239 quale
1118 1209 1207 1231 invece
1232 1208 1381 1240 aggiunse:
1406 1209 1433 1231 et
1459 1207 1598 1231 Dominus
1618 1207 1765 1231 Zacharias
1786 1207 1858 1232 filius
1882 1209 2001 1234 Domini

152 1250 263 1275 Rodulfi
282 1250 315 1274 de
335 1250 486 1283 Graydano
508 1258 559 1282 pro
578 1252 658 1282 parte
678 1251 830 1282 Aigonum.
850 1250 948 1274 notizia
965 1250 1034 1274 tolta
1053 1253 1220 1278 certamente,
1240 1249 1346 1272 sebbene
1364 1250 1388 1273 il
1406 1250 1484 1274 Mon.
1503 1257 1553 1273 non
1572 1249 1597 1273 lo
1617 1250 1687 1279 dica,
1707 1249 1755 1272 dal
1773 1249 1835 1275 ΗΑ.
1854 1258 1878 1274 n.
1895 1252 1947 1282 560
1966 1265 1998 1269 ——

155 1305 187 1309 —
209 1299 264 1323 ²·3·
282 1293 389 1324 petrum
409 1293 558 1316 antonium
579 1294 607 1316 et
624 1292 825 1316 bortolameum
844 1291 1052 1315 ileonouenbris
1071 1290 1200 1315 bonefaci
1218 1291 1269 1321 A.3
1289 1291 1400 1315 Petrum
1419 1291 1577 1315 Antonium
1600 1293 1627 1314 et
1648 1291 1859 1321 Bartolameum,
1879 1292 1924 1316 die
1943 1294 2000 1317 No-

156 1334 283 1364 vembris,
303 1334 442 1358 Bonifacii
465 1335 522 1358 Cr.:
538 1335 568 1358 Ιιο
581 1335 711 1359 restituito
724 1335 752 1358 la
766 1334 866 1357 lezione
884 1334 1014 1358 mediante
1026 1334 1052 1357 il
1062 1333 1202 1366 consronto
1216 1341 1261 1357 con
1280 1335 1320 1358 M.
1335 1342 1347 1356 e
1368 1334 1398 1357 T.
1414 1348 1445 1351 —
1459 1340 1482 1365 3.
1497 1340 1545 1357 rex
1559 1334 1669 1357 ernicus
1688 1333 1722 1356 A.
1737 1346 1748 1351 -
1761 1334 1922 1365 regensibus
1936 1342 1993 1359 cor-

155 1379 224 1400 retto
243 1376 269 1399 in
287 1376 403 1408 Reginis
423 1375 456 1399 Α.
477 1389 488 1393 -
508 1376 675 1408 suspendere
695 1383 763 1400 corr.
784 1377 810 1399 in
834 1375 964 1408 suspendi
988 1375 1039 1404 A.;
1065 1375 1191 1408 impendi
1219 1375 1263 1400 Cr.
1283 1389 1315 1392 —
1337 1380 1360 1406 5.
1383 1375 1448 1399 lune
1473 1382 1541 1399 corr.
1567 1376 1595 1399 in
1620 1374 1693 1399 iouis
1719 1381 1750 1406 ²3
1771 1375 1882 1400 decenb.
1909 1376 1942 1399 A.
1968 1390 2000 1394 -

157 1417 181 1441 6.
201 1425 264 1441 corn
285 1417 410 1441 douobus
430 1418 614 1449 potestatibus
634 1418 666 1442 de
686 1417 793 1442 ciuibus
812 1417 935 1441 bononie
956 1417 1085 1441 dominus
1105 1417 1266 1441 bonefacius
1279 1417 1312 1441 de
1325 1418 1399 1441 certe
1418 1417 1493 1441 bono
1511 1424 1630 1441 cumune
1650 1417 1683 1440 de
1703 1416 1876 1449 predepartis
1895 1418 1938 1448 A„
1952 1426 1999 1442 ove

153 1460 178 1483 il
189 1462 269 1489 passo
280 1459 318 1492 su
337 1463 450 1483 corretto
469 1459 572 1483 d'altra
592 1467 666 1483 mano
686 1459 841 1483 sostituendo
861 1459 1021 1490 potentibus
1040 1468 1056 1482 a
1075 1459 1263 1489 potestatibus
1284 1467 1296 1482 e
1315 1459 1365 1482 dni
1383 1459 1520 1483 castelani
1539 1467 1556 1482 a
1575 1459 1608 1483 de
1626 1459 1698 1483 certe
1717 1458 1801 1488 bono,
1820 1468 1863 1483 ma
1876 1460 2001 1485 rimas-ero

154 1501 225 1525 altre
243 1501 409 1530 inesattezze,
429 1502 472 1525 che
489 1502 519 1525 lto
539 1504 651 1525 correcte
670 1502 713 1525 col
729 1502 867 1534 confronto
886 1501 915 1524 di
932 1501 973 1525 M.
992 1508 1006 1523 e
1030 1501 1060 1525 T.
1081 1513 1091 1518 -
1109 1508 1167 1524 curn
1188 1500 1296 1525 duobus
1316 1500 1504 1532 potestatibus
1524 1501 1557 1524 de
1579 1500 1689 1524 civibus
1715 1501 1842 1525 Bononie
1862 1502 2002 1526 Dominus

153 1542 261 1567 scilicet
279 1542 443 1566 Bonifacius
462 1542 571 1566 domini
591 1542 751 1571 Caste11ant,
771 1544 799 1566 et
817 1549 878 1566 cum
899 1549 954 1566 uno
974 1542 1007 1565 de
1026 1541 1224 1573 Prendepartis
1247 1542 1291 1566 Cr.
1311 1555 1342 1559 --
1363 1549 1388 1573 9.
1402 1542 1572 1574 ricipendam
1586 1541 1620 1565 A.
1638 1554 1650 1560 -
1668 1542 1757 1566 redite
1778 1542 1809 1565 A.
1827 1554 1838 1560 -
1859 1544 1927 1567 mise
1945 1543 2000 1566 A.-

155 1585 358 1608 mutinensium
377 1584 420 1613 A„
443 1585 486 1608 Cr.
507 1598 539 1601 —
563 1591 602 1608 11.
621 1584 724 1616 guadio
746 1585 790 1608 Cr.
818 1598 849 1601 —
877 1590 917 1608 12.
937 1583 1014 1608 Mun.
1035 1592 1048 1606 e
1069 1584 1113 1608 Cr.
1127 1587 1180 1614 per
1205 1587 1294 1614 questa
1312 1592 1325 1606 e
1344 1584 1371 1607 la
1398 1587 1522 1615 seguente
1547 1584 1639 1614 coppia
1665 1584 1694 1607 di
1711 1583 1824 1614 podest&
1837 1588 1963 1616 pongono
1982 1586 2006 1608 il

156 1627 230 1650 titolo
251 1627 282 1651 al
297 1627 368 1658 sing.
387 1627 511 1658 potestas
530 1629 574 1650 tra
593 1626 617 1649 il
632 1625 659 1649 1⁰
679 1634 692 1649 e
710 1626 734 1649 il
750 1625 779 1650 2⁰
799 1633 879 1654 nome,
898 1633 966 1650 come
986 1624 999 1649 ὲ
1017 1626 1045 1649 in
1065 1625 1108 1654 A„
1126 1626 1151 1648 il
1167 1626 1209 1649 cui
1225 1632 1381 1649 amanuense
1400 1632 1449 1649 non
1468 1624 1535 1649 basi&
1555 1626 1612 1649 alla
1626 1626 1723 1659 graffa
1743 1626 1785 1649 che
1803 1625 2003 1658 nell’originczle

157 1668 261 1692 doveva
280 1669 374 1699 legare
392 1667 404 1690 i
421 1667 470 1691 due
486 1667 555 1691 nomi
572 1667 659 1691 scritti
683 1667 760 1691 l’uno
786 1670 853 1691 sotto
873 1666 979 1691 l’altro:
998 1666 1103 1690 l’ovvia
1121 1667 1288 1691 restituzione
1306 1666 1320 1690 ὲ
1339 1667 1505 1699 confermata
1525 1666 1601 1691 dalla
1620 1668 1739 1692 dicituro
1763 1668 1808 1691 che
1825 1669 1852 1691 in
1871 1668 1903 1692 A.
1922 1671 2000 1692 stesso

157 1710 271 1734 abbiamo
284 1713 336 1740 per
354 1710 379 1732 le
399 1709 488 1739 coppie
507 1709 584 1741 degli
601 1709 664 1733 anni
682 1715 750 1739 1252
769 1717 833 1741 sgg.
848 1721 859 1727 -
879 1708 1090 1742 predepartibus
1109 1708 1142 1732 A.
1158 1721 1169 1726 -
1189 1708 1255 1733 dicti
1274 1709 1405 1733 castelani
1424 1709 1459 1733 Α.
1480 1723 1512 1726 -
1534 1716 1606 1740 13-p.
1628 1710 1669 1738 28,
1688 1709 1706 1732 1.
1731 1715 1768 1740 13.
1789 1709 1920 1735 Dicto...

156 1758 238 1775 mune
256 1751 390 1779 Mutinae,
410 1757 457 1774 om.
478 1750 555 1774 MUR.
575 1764 607 1768 -
631 1757 670 1782 14.
690 1749 820 1774 Gorcano
839 1757 905 1774 corr.
924 1751 953 1774 in
970 1757 1094 1782 gorzano
1115 1749 1148 1774 Α.
1168 1763 1200 1768 —
1224 1754 1263 1780 13.
1284 1751 1467 1782 impresencia
1485 1750 1519 1775 Α.

1933 1728 1938 1734 .
1957 1717 2004 1734 CO-

248 1817 257 1833 1
276 1819 437 1843 Podesteria
457 1819 588 1842 attestata
602 1818 647 1842 dal
662 1819 690 1842 R
700 1819 736 1846 Ρ,
750 1826 777 1842 n.
797 1819 845 1850 283
866 1817 890 1849 (“
903 1819 1008 1843 Trinca
1022 1818 1055 1842 de

156 1859 169 1872 ‘⁴
181 1859 260 1885 Cella
270 1859 304 1891 η).

244 1900 254 1916 ²
274 1901 373 1930 Questi
400 1902 478 1925 nomi
499 1901 543 1925 dei
562 1900 648 1926 Guelfi
667 1901 829 1933 occupatori
855 1902 884 1926 di
909 1901 980 1926 Rolo
1005 1901 1051 1933 (cf-

156 1945 224 1968 nota
244 1942 384 1976 seguente)
412 1943 538 1967 debbono
563 1950 651 1967 essere
671 1944 816 1975 sbagliat13
841 1942 940 1974 perche
959 1944 969 1968 i
989 1943 1049 1975 figli

156 1985 184 2009 di
204 1984 349 2009 Giovanni
363 1985 392 2008 di
412 1984 561 2009 Bonifazio
581 1984 625 2008 dei
644 1983 785 2009 Manfredi
804 1984 908 2008 turono
928 1985 1052 2014 Simone,

157 2026 314 2055 Bonifazio,
334 2026 480 2054 Azzolino,
501 2025 602 2054 Guido,
621 2025 755 2049 Rizzardo
775 2033 789 2050 e
808 2026 961 2056 Giovanni,
974 2034 1054 2050 come

156 2070 179 2093 si
199 2069 235 2092 ha
253 2069 288 2093 da
307 2076 344 2092 un
365 2068 532 2092 documento
551 2068 594 2092 del
617 2073 681 2098 1²5²
702 2067 788 2099 (Tim,
803 2069 893 2097 Mem„
908 2068 955 2098 IV,
977 2069 1052 2100 130)2

157 2110 270 2134 Simone
282 2109 350 2142 pero
364 2116 415 2140 par
427 2110 478 2133 che
492 2115 589 2133 avesse
602 2108 623 2132 il
637 2115 802 2139 sopranome
821 2110 850 2133 di
864 2109 1053 2134 Brancaleone

158 2150 210 2183 (cf.
230 2152 352 2181 TAcou,
369 2152 447 2176 Mem.
459 2155 521 2175 star.
537 2151 566 2174 di
578 2151 699 2182 Reggio,
713 2150 761 2180 ΙΙΙ,
771 2150 843 2183 699).

246 2190 257 2207 3
276 2193 360 2221 Rolo,
386 2192 461 2216 nella
486 2192 605 2224 pianura
633 2192 772 2224 reggiana,
796 2199 811 2216 a
838 2192 954 2217 sinistra
980 2192 1053 2216 della

159 2235 283 2264 Seccffla,
303 2234 334 2258 fu
352 2234 428 2258 detto
446 2234 635 2258 anticamente
655 2233 774 2264 Aratum,
793 2234 888 2264 Arola,
903 2243 917 2259 e
929 2235 992 2258 sino
1007 2235 1053 2258 dal

159 2277 253 2301 secolo
272 2276 323 2300 XLI
343 2275 373 2299 tu
393 2276 467 2300 della
486 2275 615 2308 famiglia
635 2275 671 2300 da
689 2275 777 2306 Sesso,
798 2276 848 2300 che
873 2276 902 2300 fu
927 2283 997 2309 capo
1025 2276 1053 2300 di

160 2321 239 2352 parte
253 2319 409 2351 ghibellina
420 2319 449 2342 in
460 2319 566 2351 Reggio
577 2318 625 2349 (cf.
636 2319 711 2347 Tm„
719 2319 835 2349 Diz.,11‚
845 2319 903 2349 268,
913 2322 1052 2351 341-343):

160 2363 258 2393 questo
277 2361 340 2384 loro
359 2360 477 2384 castello
497 2359 526 2383 fu
539 2361 678 2392 occupato
694 2367 749 2384 con
768 2360 844 2384 Novi
863 2368 877 2384 e
895 2360 983 2385 Santo
995 2360 1055 2385 Ste-

161 2403 229 2428 fano
242 2402 289 2427 dai
303 2402 394 2426 Guelfi
407 2401 533 2434 reggiani
547 2401 655 2434 guidati
676 2402 721 2426 dai
735 2401 793 2433 figli
806 2402 834 2425 di.
853 2402 997 2427 Giovanni
1010 2402 1054 2426 dei

161 2444 303 2470 Manfredi
314 2445 360 2469 nel
375 2450 439 2475 1249
452 2443 498 2474 (cf.
511 2444 653 2474 Mem.pot.
666 2444 736 2475 Reg.
747 2444 777 2467 in
789 2445 853 2468 RR.
864 2445 905 2468 II.
914 2444 1054 2475 SS.,V111,

165 2492 229 2518 1117
243 2494 257 2510 e
270 2486 329 2510 Lib.
350 2487 382 2509 de
399 2489 510 2516 tempor.
531 2486 560 2509 in
581 2486 619 2509 M.
640 2485 681 2515 G.y
702 2485 802 2514 XXXI,
822 2485 899 2517 520)3
913 2493 1026 2511 accorse
1039 2494 1055 2510 a

162 2528 380 2560 riconquistarlo
400 2528 420 2551 il
435 2535 463 2552 re
476 2527 572 2556 Enzio,
587 2527 703 2551 insieme
715 2534 769 2551 con
783 2527 877 2552 Guido
891 2528 926 2552 da
938 2528 1028 2558 Sesso,
1042 2536 1055 2552 e

163 2571 296 2596 raecon‘ca
305 2569 486 2599 SAuMBsn-a,
501 2571 529 2593 in
547 2569 584 2592 Μ.
603 2569 636 2593 G.
650 2568 763 2599 XXXII,
777 2576 828 2601 330
840 2570 891 2594 che
905 2570 997 2594 Guido
1010 2577 1056 2594 era

165 2610 322 2644 “pessimus
348 2611 536 2636 inimicus...
556 2612 656 2635 contra
681 2612 788 2643 partem
807 2611 954 2642 ecclesiae3
974 2612 1055 2641 unde,

164 2653 178 2666 “
187 2660 250 2677 cum
264 2652 381 2685 quadam
395 2653 456 2677 vice
476 2652 556 2676 multi
569 2652 647 2684 capti
664 2654 755 2676 essent
767 2660 784 2677 a
797 2660 859 2685 rege
877 2660 909 2677 ex
922 2655 1001 2686 parte
1013 2662 1056 2678 ec-

165 2694 178 2707 “
189 2694 290 2719 clesiae
303 2695 333 2718 in
344 2695 436 2718 castro
449 2694 560 2723 Arolae,
569 2711 575 2718 .
586 2710 606 2717 ..
619 2695 646 2717 et
656 2693 692 2717 ad
702 2694 923 2726 suspendendum
937 2695 1055 2720 iudicati

166 2735 309 2760 “fuissent
336 2736 493 2767 vellentque
511 2734 648 2765 confiteri,
674 2735 767 2759 noluit
794 2735 917 2760 indutias
937 2737 1002 2761 dare
1027 2739 1057 2762 ut

166 2777 316 2801 “confiteri
335 2779 457 2810 possent,
477 2777 526 2801 sed
544 2776 617 2800 dixit
636 2777 690 2801 eis:
714 2778 721 2790 ‘
733 2777 797 2801 Non
816 2777 926 2802 habetis
945 2786 1054 2804 necesse

167 2818 179 2831 ‘¹
191 2819 327 2850 confiteri,
347 2819 411 2850 quia
430 2826 481 2843 vos
504 2819 569 2843 estis
593 2819 684 2843 sancti
705 2827 766 2843 cum
785 2819 849 2844 sitis
866 2827 899 2843 ex
919 2823 998 2853 parte
1016 2829 1058 2846 ec-

168 2860 297 2890 “clesiae,
323 2863 349 2885 et
368 2861 408 2885 sic
428 2861 525 2885 statim
546 2861 624 2885 ibitis
644 2861 674 2885 in
695 2861 886 2894 paradisum’:
905 2864 989 2895 atque
1007 2863 1058 2893 sic,

167 2903 179 2916 ‘⁴
191 2902 246 2926 isto
260 2902 433 2935 prohibente,
454 2903 514 2927 sine
532 2902 712 2927 consessione
730 2903 842 2928 fuerunt
854 2905 980 2936 suspensi
993 2914 1022 2937 ηε
1036 2906 1058 2930 il

167 2944 240 2969 fatto
255 2944 283 2968 di
301 2944 374 2969 Rolo
392 2944 514 2970 accadde
532 2945 609 2969 forse
628 2945 673 2969 nel
693 2945 818 2970 febbraio
838 2946 885 2976 (cf.
905 2947 1057 2977 Boanum,

168 2988 248 3021 Regu,
266 2997 294 3014 n.
318 2988 399 3021 :3697
411 2987 445 3020 b),
464 2990 633 3013 certamente
651 2996 723 3022 poco
743 2990 858 3015 innanzi
877 2991 902 3015 la
921 2991 1058 3024 battaglia

1109 1818 1138 1842 di
1155 1818 1284 1843 Fossalta
1299 1818 1344 1849 (26
1359 1818 1492 1851 maggio),
1505 1819 1581 1843 nella
1595 1819 1674 1850 quale
1688 1819 1775 1843 Enzio
1790 1818 1863 1843 resto
1876 1820 2005 1852 prigione

1107 1868 1122 1884 e
1142 1860 1236 1884 Guido
1256 1857 1328 1884 mori
1348 1860 1423 1884 nella
1436 1860 1712 1893 fuga;SAL1MBENE,
1732 1861 1781 1891 ivi,
1802 1866 1862 1892 330,
1882 1868 1954 1893 pone
1973 1861 2001 1885 Ia

1106 1908 1186 1933 presa
1205 1901 1231 1925 di
1254 1902 1325 1926 Rolo
1345 1909 1393 1934 per
1415 1909 1499 1932 opera
1518 1902 1547 1925 di
1570 1901 1685 1926 Simone
1703 1902 1732 1925 di
1753 1902 1899 1927 Giovanni
1923 1903 2001 1927 Man-

1106 1943 1180 1967 fredi
1193 1942 1367 1975 nell‘agosto,
1388 1950 1432 1967 ma
1451 1944 1524 1967 assai
1543 1943 1765 1974 probabilmente
1783 1946 1880 1976 questa
1900 1945 1928 1968 su
1947 1951 2003 1968 una

1107 1984 1288 2016 riconquista,
1299 1985 1413 2016 agevole
1426 1985 1500 2015 dopo
1514 1985 1540 2009 la
1554 1985 1697 2016 prigionia
1708 1984 1736 2008 di
1748 1985 1835 2009 Enzio
1849 1986 1899 2009 ela
1912 1987 2003 2010 morte

1107 2029 1136 2052 di
1156 2028 1250 2053 Guido
1271 2029 1306 2053 da
1324 2028 1406 2053 Sesso
1425 2031 1568 2053 avvenuta
1587 2037 1603 2053 a
1623 2029 1756 2054 Fossalta.

1197 2069 1208 2086 ⁴
1229 2070 1285 2099 Qui
1304 2071 1327 2094 si
1346 2071 1383 2095 ha
1401 2072 1473 2095 assai
1493 2071 1715 2104 probabilmente
1734 2079 1789 2096 una
1812 2072 1912 2097 lacuna
1932 2072 2003 2104 (bat-

1107 2113 1195 2146 taglia
1215 2113 1244 2136 di
1264 2113 1401 2142 Fossalta,
1422 2113 1454 2137 26
1475 2113 1601 2146 maggi03
1622 2120 1690 2146 paee
1708 2114 1752 2137 tra
1772 2113 1900 2146 Bologna
1913 2122 1927 2138 e
1942 2114 2003 2138 Mo-

1108 2156 1187 2185 dena,
1209 2160 1238 2186 15
1260 2155 1418 2186 dicembre)‚
1439 2155 1466 2179 la
1485 2155 1566 2187 quale
1585 2155 1608 2179 si
1633 2154 1687 2188 puo
1713 2155 1838 2188 supplire
1864 2156 2003 2181 mediante

1108 2198 1148 2222 M.
1159 2205 1174 2222 e
1189 2198 1220 2221 T.
1232 2197 1261 2221 in
1273 2199 1369 2229 questa
1383 2197 1488 2221 forma:
1504 2197 1517 2210 “
1528 2197 1612 2222 Dicto
1626 2205 1702 2222 anno
1714 2198 1758 2222 die
1770 2199 1901 2222 mercurii
1914 2197 2003 2231 xxvj.⁰

1109 2240 1122 2253 ‘¹
1134 2239 1201 2264 maii
1221 2239 1277 2263 fuit
1296 2239 1433 2272 praelium
1452 2240 1487 2264 ad
1508 2240 1665 2264 Fossaltam
1685 2240 1758 2264 inter
1780 2240 1952 2265 Mutinenses
1976 2242 2003 2265 et

1110 2285 1122 2298 ‘¹
1134 2284 1332 2313 Bononienses,
1353 2283 1382 2307 in
1402 2290 1456 2315 quo
1476 2284 1647 2308 Mutinenses
1667 2284 1830 2308 subiverunt
1850 2286 1877 2308 et
1891 2284 2004 2309 fuerunt

1109 2325 1210 2358 “capti
1230 2325 1263 2349 de
1281 2325 1386 2357 populo
1408 2325 1457 2357 vij.
1481 2324 1596 2356 [millia]
1617 2325 1661 2349 vel
1680 2325 1757 2349 circa
1777 2327 1804 2350 et
1821 2327 1932 2350 eentum
1953 2327 2005 2350 mi—

1109 2367 1198 2391 “lites
1217 2367 1249 2391 de
1268 2366 1378 2390 Mutina
1398 2367 1443 2391 vel
1461 2367 1545 2396 circa,
1565 2368 1593 2391 et
1618 2367 1749 2391 dominus
1774 2368 1833 2392 Rex
1859 2368 2003 2398 Henricus,

1110 2411 1181 2443 “qui
1199 2412 1265 2435 tunc
1285 2411 1346 2435 erat
1363 2417 1425 2434 cum
1446 2411 1661 2441 Mutinensibus,
1681 2411 1737 2435 fuit
1754 2413 1853 2444 eaptus
1871 2413 1898 2436 et
1922 2413 2004 2436 multi

1110 2452 1271 2477 “teutonici
1289 2459 1352 2476 cum
1370 2460 1403 2476 eo
1421 2453 1498 2485 capti
1517 2452 1636 2477 fuerunt.
1675 2453 1760 2477 Dicto
1779 2460 1855 2478 anno
1876 2454 1921 2478 die
1935 2461 2004 2479 mer-

1111 2493 1207 2518 “curii
1225 2491 1283 2517 xv.⁰
1305 2493 1456 2518 decembris
1474 2493 1551 2518 facta
1577 2495 1605 2518 et
1629 2494 1757 2518 osculata
1776 2494 1832 2519 fuit
1852 2502 1905 2527 pax
1931 2495 2004 2520 inter

1111 2536 1124 2548 “
1134 2542 1254 2559 comune
1272 2534 1402 2559 Bononie
1416 2536 1443 2558 et
1455 2542 1573 2559 comune
1587 2535 1697 2560 Mutine
1709 2537 1737 2560 et
1751 2536 1866 2560 illorum
1881 2537 1913 2561 de
1927 2538 2004 2570 parte

1111 2577 1124 2590 ‘¹‘
1135 2576 1277 2609 Aigonum
1297 2577 1330 2600 de
1348 2576 1459 2600 Mutina
1473 2576 1503 2600 in
1518 2576 1610 2609 platea
1623 2577 1750 2601 comunis
1764 2578 1901 2608 Bononia,
1915 2586 2004 2602 rema-

1111 2618 1227 2642 “nendo
1247 2617 1377 2642 de'faeto
1396 2618 1532 2650 Frignani
1553 2618 1583 2642 in
1602 2618 1800 2643 Parmensibus
1810 2637 1832 2649 ῃ.

1199 2658 1209 2674 ⁵
1229 2659 1282 2683 Per
1295 2659 1363 2683 tutti
1377 2659 1466 2691 questi
1480 2659 1546 2683 fatti
1560 2660 1655 2684 vedasi
1670 2661 1743 2691 Tun,
1757 2661 1849 2691 Mem„
1863 2661 1898 2692 11,
1914 2666 2003 2693 70-75.

1198 2698 1209 2715 ⁶
1228 2700 1281 2724 Per
1300 2700 1321 2723 il
1340 2701 1459 2724 trattato
1479 2700 1522 2724 del
1545 2705 1574 2731 15
1596 2701 1734 2726 dieembre
1750 2708 1816 2734 1249
1830 2704 1930 2734 poteva
1944 2703 2004 2727 Mo-

1111 2742 1181 2767 dena
1200 2749 1281 2766 avere
1300 2742 1397 2773 quind’
1405 2742 1520 2766 innanzi
1539 2742 1590 2767 due
1609 2741 1732 2776 podesta‚
1759 2751 1810 2776 pur
1829 2745 1879 2768 che
1896 2744 2003 2769 fossero

1111 2783 1243 2808 cittadini
1262 2783 1417 2816 bolognesi,
1437 2783 1521 2808 l‘uno
1541 2784 1636 2816 guelfo
1655 2793 1669 2809 e
1688 2785 1782 2809 l'altro
1802 2786 1973 2818 ghibellino:
1994 2787 2003 2810 i

1111 2825 1196 2858 primi
1214 2824 1325 2854 fui-ono,
1340 2825 1383 2849 dal
1398 2831 1429 2856 23
1443 2826 1592 2855 dicembre,
1607 2826 1628 2850 il
1642 2827 1736 2860 guelfo
1751 2828 1842 2852 Conte
1862 2828 1905 2852 dei
1920 2829 2005 2853 Pren-

1111 2867 1221 2899 diparte
1245 2874 1260 2890 e
1284 2866 1306 2890 il
1331 2866 1488 2898 ghibellino
1508 2868 1656 2893 Bonifazio
1684 2870 1712 2893 di
1739 2869 1901 2894 Castenano
1927 2870 2004 2895 Stor-

1112 2908 1187 2938 1itti3
1200 2908 1222 2931 li
1242 2907 1359 2932 nomino
1378 2908 1399 2932 il
1413 2910 1488 2933 eard.
1503 2909 1659 2935 Ottaviano
1674 2911 1809 2935 Ubaldini
1829 2912 1921 2944 legato
1937 2920 2004 2945 apo-

1112 2949 1215 2973 stolico
1240 2949 1269 2972 in
1288 2949 1434 2982 Romagna
1459 2957 1474 2974 e
1499 2950 1678 2976 Lombardia.
1700 2952 1744 2982 (cf.
1766 2952 1896 2983 SAmen
1916 2954 1964 2984 111,
1984 2960 2003 2986 ι,

1113 2991 1172 3022 226,
1194 2993 1264 3025 ²41)-

2033 1825 2064 1851 45

2031 2036 2066 2063 50

2034 2249 2064 2275 55

2031 2452 2066 2478 60

2033 2883 2067 2909 70
