2318 3603
149 356 222 375 Mra„
241 356 277 378 567

278 1315 309 1332 10

283 2443 313 2468 35

285 2656 318 2680 40

287 2863 318 2888 ηις

912 221 1222 258 CHRONICON
1249 222 1556 258 MUTINENSE
1859 229 1942 262 [AA.
1964 230 2156 265 1289-1291]

423 342 588 373 Dominus
619 341 814 372 Bernardus
837 340 978 372 Rubeus
1002 340 1045 370 de
1072 338 1244 370 Florentia
1270 337 1433 371 Po'testas
1457 339 1611 372 Mutinae
1635 340 1681 381 [in
1705 341 1953 389 M.cclxxxviiij
1987 348 2021 378 in
2045 349 2170 381 ultimis

333 406 392 426 sex
415 394 588 425 mensibus
602 393 622 425 ¹.

419 447 596 487 [Dominus
612 446 807 478 Bernardus
820 446 961 478 Rubeus
973 445 1018 485 et]
1032 445 1188 476 dominus
1201 445 1315 486 Lapus
1332 445 1439 476 frater
1456 446 1527 478 eius
1544 445 1745 486 [Potestates
1758 447 1914 481 Mutinae
1928 452 1960 483 in
1975 453 2172 486 M.cc1xxm;

331 501 364 530 in
389 499 516 540 primis]
540 509 599 530 sex
622 498 792 530 mensibus
804 497 825 530 ².
872 498 972 529 Tunc
989 497 1149 538 temporis
1166 497 1356 528 dominium
1382 497 1531 530 civitatis
1554 499 1657 541 Regii
1675 501 1789 532 datum
1815 502 1881 533 fuit
1910 504 2047 537 domino
2078 507 2171 538 Mar-

331 552 446 583 chioni
469 558 503 583 et
527 552 615 583 misit
637 551 686 582 ibi
710 558 792 583 tunc
817 551 989 582 dominum
1014 550 1225 581 Bernardum
1250 550 1410 581 Rubeum
1435 561 1496 591 pro
1521 551 1664 585 Vicario
1689 554 1724 584 in
1749 555 1842 587 dicta
1867 556 2005 589 civitate
2018 557 2039 590 ⁸.

418 604 586 636 Dominus
609 604 779 635 Henricus
803 604 847 635 de
873 603 1060 645 Signorelis
1085 603 1127 634 de
1152 603 1292 634 Feraria
1315 602 1470 634 Potestas
1493 604 1649 636 Mutinae
1673 606 1736 647 [in]
1761 607 1959 641 M.cclxzxx
1982 610 2017 641 in
2048 612 2174 644 ultimis

330 667 388 689 sex
403 656 576 689 mensibus
592 657 739 698 inceptis
756 656 811 688 die
829 657 964 687 veneris
979 655 1082 697 xxviij
1100 655 1175 686 iulii
1188 655 1211 687 4.
1247 655 1351 687 Dicto
1369 661 1524 697 tempore
1542 657 1672 690 factum
1689 659 1751 691 fuit
1767 662 1959 704 passagium
1975 664 2064 695 ultra
2080 676 2173 697 mare

332 721 395 751 per
419 709 631 741 Mutinenses
645 710 665 741 ⁵.

423 763 586 794 Dominus
610 762 794 794 Rainerius
819 762 860 793 de
885 760 1006 793 Bardis
1031 762 1074 792 de
1099 761 1275 793 Florentia
1298 761 1454 794 Potestas
1478 763 1631 796 Mutinae
1656 765 1690 795 in
1706 765 1913 810 M.cclmrmcj
1932 768 1967 799 in
1983 769 2099 810 primis
2114 781 2174 802 sex

424 939 445 955 1.
465 931 622 955 potestates
642 931 690 959 A.;
714 939 756 954 ma
775 932 816 954 tes
831 931 844 954 ὲ
858 939 927 962 agg.
945 931 994 959 fra
1020 932 1045 954 le
1069 929 1149 962 righe
1168 931 1243 954 dalla
1264 939 1295 953 m.
1312 931 1361 960 pie-*c
1382 934 1488 961 esperta
1507 933 1552 956 che
1571 933 1602 956 vi
1619 934 1651 957 lta
1671 935 1804 965 aggiunto
1830 937 1908 959 anche
1929 942 2126 962 erroneamente
2146 939 2175 962 in

336 1030 367 1032 —
390 1022 441 1046 1-4.
460 1015 483 1039 Il
505 1016 546 1040 M.
558 1015 673 1039 riunz'sce
687 1015 713 1038 in
727 1023 760 1038 un
779 1016 832 1039 solo
847 1015 958 1045 periodo
979 1016 1003 1038 le
1023 1015 1073 1038 due
1087 1014 1240 1043 podestem‘e
1260 1014 1290 1038 di
1307 1015 1449 1039 Bernardo
1469 1024 1482 1039 e
1502 1017 1531 1040 di
1548 1017 1625 1047 Lupo
1644 1025 1688 1041 suo
1700 1018 1836 1050 fratello:
1856 1019 1996 1044 Dominus
2016 1021 2173 1045 Bernardus

336 1058 369 1081 de
382 1057 415 1081 R.
430 1059 456 1081 et
471 1058 602 1081 dominus
616 1056 709 1089 Lapus
724 1057 783 1080 eius
798 1057 884 1080 frater
898 1056 1054 1080 Potestates
1074 1055 1185 1079 Mutine
1199 1056 1229 1079 in
1243 1055 1451 1090 Meclxxxviiij
1472 1060 1499 1081 et
1518 1058 1681 1082 M.cclxxxx
1702 1061 1732 1083 in
1752 1060 1854 1085 ultimo
1869 1063 1895 1085 et
1908 1063 2002 1093 primo
2023 1064 2149 1087 semestri
2163 1072 2176 1087 e

335 1099 374 1123 είὸ
386 1099 424 1131 fa
445 1100 525 1123 anche
551 1100 588 1129 T,
609 1099 635 1122 in
654 1100 743 1128 farma
763 1099 887 1122 diversa.-
901 1098 942 1122 De
956 1105 1032 1122 anno
1053 1097 1215 1121 Micclxxxx
1235 1097 1367 1122 dominus
1381 1098 1537 1123 Bernardus
1550 1102 1577 1123 et
1592 1100 1722 1126 dominus
1735 1101 1849 1133 Lappus
1863 1103 1896 1127 de
1910 1103 2014 1128 Rubeis
2029 1105 2061 1128 de
2075 1104 2175 1129 Parma

339 1142 436 1164 fratres
456 1141 570 1164 fuerunt
590 1142 744 1173 potestates
764 1140 888 1169 Mutine;
909 1141 944 1164 da
963 1140 1051 1171 questi
1068 1140 1117 1163 due
1131 1141 1193 1163 testi
1210 1148 1270 1164 sono
1288 1142 1429 1172 suggerite
1449 1143 1474 1165 Ιε
1493 1143 1640 1166 correziom'
1658 1151 1672 1166 e
1699 1145 1832 1175 aggiunte
1861 1149 1948 1169 nostre
1977 1148 2006 1170 al
2031 1150 2096 1171 testo
2123 1148 2178 1172 evi-

335 1184 495 1206 ‹lentemente
515 1191 601 1206 moneo
621 1183 651 1206 di
669 1183 701 1206 A.
723 1195 756 1200 —
775 1189 799 1214 3.
820 1182 953 1206 dominus
967 1182 997 1205 B.
1011 1181 1044 1205 R.
1064 1184 1091 1205 et
1111 1190 1158 1205 om.
1173 1183 1251 1205 anche
1265 1183 1291 1205 in
1308 1183 1352 1206 Cr.
1369 1192 1382 1206 e
1396 1183 1473 1207 MUR.
1493 1197 1525 1200 —
1545 1192 1600 1216 3-1.
1622 1185 1707 1209 frater
1720 1187 1780 1219 ejus
1793 1186 1824 1210 in
1838 1187 1938 1219 primis
1952 1195 2000 1211 sex
2015 1189 2076 1213 Cr.:
2092 1189 2177 1212 frater

335 1226 395 1257 ejus
408 1225 440 1248 in
454 1225 558 1248 eisdem
578 1226 678 1256 primis
698 1232 747 1248 sex
766 1225 844 1248 MUR.
860 1237 890 1242 —
906 1229 960 1255 4-5.
980 1224 1060 1247 Tunc
1080 1225 1273 1256 temporis....

1293 1226 1420 1249 civitate.
1436 1233 1484 1249 om.
1500 1225 1579 1250 Mun.
1599 1240 1630 1244 —
1651 1232 1674 1257 5.
1695 1235 1745 1258 pro
1760 1228 1906 1252 Vicarium
1921 1230 1968 1254 Α.·,
1982 1230 2177 1254 Provicarium

338 1267 397 1293 Cn:
418 1274 468 1299 pro
489 1267 605 1290 Vicario
619 1267 674 1294 ,41η
689 1267 768 1290 misit
788 1266 818 1290 B.
839 1266 871 1290 R.
892 1265 1039 1289 vicarium
1065 1265 1094 1289 T.
1115 1279 1146 1283 ——
1168 1264 1192 1289 6.
1205 1265 1343 1290 Henricus
1363 1267 1389 1290 in
1409 1268 1435 1291 A
1455 1268 1468 1291 ὲ
1487 1276 1554 1291 corr.
1573 1277 1603 1292 su
1622 1268 1772 1298 Horatius;
1792 1270 1930 1294 Henricus
1949 1270 2037 1300 Mun„
2059 1273 2113 1303 Cr.,
2137 1273 2178 1296 M.

338 1322 346 1326 -
367 1308 537 1340 Signorelis}
557 1309 607 1332 cosi
628 1309 640 1332 i
658 1309 754 1336 Mem.;
769 1317 811 1332 ma
831 1307 989 1340 Signoretis
1010 1308 1052 1336 A„
1072 1307 1158 1335 Mun„
1183 1306 1235 1332 Cr..
1254 1308 1293 1332 Π.
1314 1322 1345 1326 --
1365 1316 1390 1340 9.
1410 1308 1562 1333 Rainerius
1583 1311 1615 1334 de
1634 1311 1731 1335 Baldis
1745 1312 1793 1340 A.;
1808 1312 1908 1336 Nerius
1924 1313 1957 1337 de
1971 1313 2071 1338 Bardis
2084 1314 2177 1342 Μυκ.;

333 1350 486 1374 Ralnerius
499 1351 533 1374 de
547 1351 646 1374 Bardis
668 1351 722 1381 Cr„
749 1352 790 1376 M.

339 1468 351 1480 ’Ἴ
360 1470 574 1499 conventiones,
588 1472 619 1493 ut
630 1469 726 1492 exules
737 1469 895 1495 exularent,
910 1470 937 1492 et
946 1470 975 1492 ut
983 1468 1071 1492 filiam
1082 1469 1178 1492 fratris
1186 1470 1229 1492 sui

339 1511 351 1523 “
364 1510 471 1534 Tobiae
484 1512 649 1543 conjugaret
669 1511 730 1535 filio
746 1512 834 1543 ipsius
849 1510 989 1535 Obizonis
1004 1511 1230 1535 Aldebrandino.

340 1552 352 1565 “
364 1552 446 1580 Quod
469 1554 574 1577 facturn
592 1556 643 1577 est.
681 1553 718 1576 Ut
734 1560 800 1576 vero
814 1553 958 1584 ingressus
972 1556 1014 1577 est
1027 1553 1177 1581 Mutinam,
1191 1561 1230 1576 re-

340 1596 351 1607 ·'‘
364 1595 446 1619 duxit
468 1595 564 1619 exules
591 1602 656 1618 suae
676 1595 776 1626 partls,
803 1595 912 1618 scilicet
932 1595 1001 1618 illos
1021 1595 1054 1618 de
1073 1595 1179 1619 Saxolo
1204 1598 1231 1619 et

340 1639 351 1650 “
364 1638 531 1670 complices:
551 1637 647 1661 exules
677 1643 743 1660 vero
772 1638 888 1665 veteres,
908 1637 1019 1661 scilicet
1047 1636 1230 1669 Grasulphos,

340 1684 350 1692 ¹*
364 1680 500 1711 neglexit.
521 1679 590 1703 Mox
616 1681 680 1711 post
700 1686 804 1710 paucos
827 1679 887 1703 dies
913 1681 1006 1702 actum
1031 1679 1087 1703 fuit
1113 1679 1232 1704 Senatus

340 1723 352 1735 ‘¹
364 1723 423 1746 sive
437 1722 563 1746 Consilii
578 1728 676 1745 corum
688 1721 840 1750 decretum,
855 1721 930 1752 quod
946 1721 1020 1745 idern
1034 1720 1124 1745 Obizo
1140 1722 1231 1745 factus

339 1764 404 1788 “est
415 1765 555 1787 Dominus
575 1763 685 1787 Mutine
705 1770 768 1786 curn
788 1763 848 1795 ejus
865 1764 1058 1787 successione:
1079 1764 1154 1794 quod
1181 1764 1231 1787 do-

340 1807 485 1830 “minium
505 1806 534 1829 in
554 1806 613 1829 vita
633 1805 769 1837 possedit,
790 1807 816 1828 et
837 1808 902 1837 post
922 1812 984 1828 eum
1010 1805 1088 1829 Azzo
1101 1823 1123 1835 ,,,

426 1847 437 1863 5
457 1848 496 1879 (v.
511 1852 541 1878 p.
561 1847 606 1878 49)
625 1848 647 1871 Il
665 1848 813 1872 rtehiamo.
834 1847 869 1870 da
888 1848 966 1879 parte
985 1847 1015 1871 di
1035 1847 1138 1872 Obizzo
1152 1848 1187 1872 H.
1202 1848 1231 1871 di

338 1891 426 1923 quella
439 1892 520 1921 parte
535 1890 605 1922 degli
619 1889 726 1921 Aigoni
741 1896 758 1912 ο
773 1888 859 1913 Guelfi
874 1889 924 1913 che
934 1896 1019 1913 erano
1035 1889 1048 1902 α
1059 1890 1208 1914 extrinseci
1220 1908 1232 1920 ,‚

338 1933 369 1956 t'u
382 1940 419 1957 un
433 1933 492 1956 atto
507 1933 599 1955 inteso
613 1931 669 1955 alla
682 1931 914 1954 riconciliazione
928 1931 1000 1955 della.
1015 1933 1094 1963 parte
1107 1938 1139 1955 su
1153 1931 1197 1955 cui
1211 1931 1233 1954 il

339 1975 466 1998 dominio
486 1975 593 1997 estense
612 1972 719 1997 doveva
731 1972 867 1996 affidarsi:
888 1971 903 1996 ὲ
922 1974 1075 1996 accennato
1095 1973 1185 1996 anche
1199 1972 1235 1996 da

280 2021 303 2044 2Α
340 2016 407 2040 altre
419 2015 494 2039 fonti
511 2014 549 2047 (p.
570 2021 607 2038 es.
624 2015 685 2038 Cltr.
703 2015 808 2043 Parm„
822 2014 892 2038 ediz.
907 2014 1036 2043 BonazzL
1051 2022 1077 2045 p.
1099 2020 1139 2045 55,
1154 2015 1170 2037 1.
1185 2021 1234 2045 32:

341 2059 353 2071 “
365 2057 475 2081 reduxit
494 2057 557 2081 illos
577 2057 609 2080 de
634 2056 797 2088 Savignano
817 2059 845 2079 et
874 2063 972 2080 omnes
991 2056 1177 2080 exstrinsecos
1205 2058 1234 2079 in

341 2100 354 2112 ⁴¹
366 2100 508 2123 Mutinam
526 2106 591 2123 com
611 2106 678 2130 pace
688 2097 722 2128 η).

430 2140 436 2156 ¹
456 2141 497 2165 La
516 2140 676 2172 podesteria
694 2140 738 2164 del
757 2141 841 2164 Rossi
860 2139 874 2164 ὲ
893 2141 1026 2164 attestata
1044 2140 1079 2164 da
1098 2141 1150 2164 atti
1170 2140 1237 2172 pub-

340 2184 420 2207 blici:
440 2183 489 2206 che
508 2190 565 2206 non
585 2182 769 2206 cominciasse
789 2182 904 2215 proprio
923 2183 965 2205 col
987 2180 1014 2206 1⁰
1026 2182 1115 2213 luglio
1129 2182 1237 2206 sembra

282 2233 292 2240 2
341 2226 510 2249 dimostrato
529 2223 787 2248 dall'intestazione
807 2224 854 2248 dei
874 2225 955 2248 illem.
979 2224 1054 2255 1289,
1068 2231 1095 2248 n.
1110 2223 1169 2253 260,
1184 2231 1236 2248 ove

343 2275 391 2300 per
409 2275 447 2290 un
467 2266 601 2291 fasczcolo
621 2267 670 2290 che
691 2269 773 2298 porta
787 2266 839 2290 atti
853 2266 897 2290 dal
913 2272 927 2289 2
943 2266 1033 2297 luglio
1045 2266 1072 2290 al
1085 2271 1116 2296 31
1132 2266 1237 2289 dicem-

342 2310 388 2333 bre
406 2310 431 2333 si
450 2309 486 2333 ha
500 2309 562 2332 nell’
572 2308 774 2332 intestazione:
796 2308 809 2320 “
819 2308 938 2332 durante
953 2308 1147 2331 dominatione
1162 2307 1238 2331 Sere-

344 2352 356 2364 “
368 2351 481 2375 nissimi
501 2351 557 2374 viri
577 2350 625 2374 dfii
645 2350 785 2384 Opeconis
805 2350 974 2374 marchionis
993 2349 1119 2373 Estensis
1134 2351 1160 2373 et
1179 2350 1238 2372 An-

344 2395 356 2407 “
367 2394 447 2418 chon.
467 2394 495 2417 et
514 2395 640 2424 tempore
658 2392 805 2424 regiminis
818 2392 930 2415 nobiliis
944 2391 998 2415 viri
1013 2392 1038 2415 d.
1054 2391 1176 2415 Comitis
1190 2391 1238 2423 Qi-

344 2435 433 2459 “nelli
458 2434 490 2458 de
516 2433 702 2465 Ma[r]charia
727 2441 767 2458 ae
793 2434 905 2457 etiam
934 2434 959 2457 d.
986 2433 1173 2457 Bernardi
1199 2433 1240 2457 de

345 2477 506 2501 “Rubeis
531 2477 570 2500 de
597 2477 792 2500 Florencia
818 2477 890 2507 pot.
918 2476 1036 2505 Mut.„,
1056 2476 1080 2499 le
1100 2476 1175 2506 quali
1200 2475 1239 2498 ul-

344 2520 411 2543 time
424 2518 518 2551 parole
529 2517 632 2541 furono
652 2517 892 2542 manifestamente
904 2518 1037 2549 aggiunte
1050 2516 1078 2540 di
1092 2517 1148 2547 poi.
1186 2517 1240 2540 Ne·

345 2561 383 2592 gli
403 2562 484 2584 stessi
504 2560 585 2583 illem.
609 2559 682 2590 1289,
703 2567 730 2583 n.
753 2565 829 2590 1317,
850 2559 868 2583 il
889 2566 972 2597 nome
992 2558 1037 2582 del
1057 2558 1140 2582 Rossi
1154 2557 1168 2582 ὲ
1183 2559 1240 2582 nel-

346 2604 556 2627 l’intestazione
583 2602 612 2625 di
631 2610 667 2625 un
687 2602 829 2634 quaderno
849 2609 896 2634 per
915 2601 967 2625 atti
988 2601 1034 2625 dal
1056 2601 1086 2625 16
1106 2602 1194 2632 luglfo
1215 2602 1239 2625 al

350 2652 380 2669 io
392 2644 555 2674 settembre3
570 2644 615 2667 nei
634 2644 716 2667 Menai
739 2644 861 2674 mss-89,
881 2643 937 2667 vol.
955 2643 976 2671 1,
991 2651 1018 2666 n.
1033 2642 1092 2674 469,
1106 2650 1121 2666 e
1135 2643 1191 2667 vol.
1206 2643 1239 2672 ΙΙ,

347 2695 373 2711 n.
397 2694 408 2710 1
429 2687 454 2710 si
467 2687 503 2710 ha
521 2693 572 2717 per
585 2685 638 2709 atti
653 2686 698 2709 dal
715 2691 727 2708 2
742 2686 828 2717 luglio
842 2686 870 2708 in
885 2685 942 2716 poi,
956 2692 1000 2708 ma
1014 2685 1040 2708 la
1054 2684 1239 2708 intestazione

347 2727 402 2760 puo
423 2735 511 2752 essere
529 2728 602 2751 stata
621 2727 720 2751 scritta
740 2727 823 2758 dopo,
843 2734 922 2751 come
942 2728 970 2750 in
991 2726 1066 2750 tanti
1086 2726 1151 2750 altri
1165 2726 1240 2755 casi3

347 2778 402 2794 una
427 2771 559 2802 quitanza
585 2768 658 2792 satta
684 2768 867 2792 “honorabili
894 2770 956 2792 viro
983 2768 1008 2792 d.
1035 2767 1178 2791 Bernardo
1208 2766 1241 2790 de

348 2813 360 2824 ⁴⁴
371 2811 475 2835 Rubeis
488 2812 546 2842 pot.
566 2810 636 2833 Mut.
648 2827 660 2839 ,‚
687 2809 704 2832 il
721 2815 748 2838 17
764 2809 917 2833 novembre
931 2808 945 2833 'e
958 2809 1005 2832 nei
1018 2809 1100 2832 Mem.
1114 2804 1240 2838 1288-S9‚

348 2853 403 2877 vol.
423 2852 444 2881 Ι,
465 2860 491 2875 n.
512 2852 572 2882 578.

436 2893 447 2909 ²
466 2895 508 2918 La
527 2893 685 2926 podesteria
711 2893 740 2917 di
766 2893 908 2917 Bernardo
928 2892 1012 2917 Rossi
1037 2890 1174 2916 continuo
1195 2891 1239 2914 nel

349 2938 439 2971 primo
458 2944 531 2961 mese
550 2936 592 2961 del
615 2943 695 2968 1:903
716 2935 812 2960 infatti
827 2937 871 2960 nei
887 2937 965 2960 illem.
996 2941 1071 2967 1290,
1085 2942 1112 2958 n.
1127 2935 1187 2965 829,
1201 2935 1240 2967 gli

348 2980 400 3005 atii
420 2981 464 3005 dal
484 2986 497 3003 2
518 2980 640 3012 gennaio
665 2979 694 3002 in
720 2978 769 3010 poi
795 2977 818 3002 si
845 2978 949 3003 dicono
974 2977 1070 3003 scritti
1096 2977 1121 3001 al
1146 2977 1240 3009 tempo

1286 1469 1298 1482 ‘⁴
1311 1470 1337 1493 d.
1360 1470 1492 1494 Bernardi
1513 1471 1546 1495 de
1564 1470 1668 1495 Rubeis
1688 1472 1721 1496 de
1740 1472 1887 1496 Florencia
1902 1474 1961 1505 pot.
1976 1473 2047 1498 Mut.
2059 1482 2089 1504 „:
2104 1473 2179 1498 ando

1286 1513 1334 1543 poi
1362 1512 1468 1536 vicario
1498 1513 1527 1536 in
1553 1513 1660 1545 Reggio
1690 1513 1737 1544 (ct.
1760 1514 1949 1544 Dlxvmsonx,
1979 1516 2179 1548 Forsclzungen,

1285 1554 1334 1582 IV,
1355 1553 1418 1586 516)
1445 1562 1459 1578 e
1483 1554 1522 1586 gli
1547 1562 1670 1579 successe
1694 1556 1740 1580 col
1763 1556 1892 1580 sebbi-aio
1917 1556 1937 1579 il
1962 1556 2074 1581 fratello
2100 1558 2180 1590 Lupo

1287 1597 1378 1626 (Mem.
1403 1602 1478 1625 1290,
1499 1604 1526 1621 n.
1549 1603 1627 1628 1290:
1649 1597 1667 1620 il
1691 1604 1722 1628 14
1740 1597 1828 1629 aprile
1847 1598 1897 1621 “d.
1920 1598 2014 1631 Lapus
2029 1599 2064 1623 de
2076 1598 2180 1624 Rubeis

1286 1635 1299 1648 “
1313 1639 1371 1669 pot.
1405 1637 1474 1662 Mut.
1506 1638 1652 1662 voluntate
1684 1638 1731 1662 dfii
1758 1638 1841 1663 Cet-re
1870 1639 2045 1663 vicecomitis
2071 1639 2180 1664 domini

1287 1680 1300 1693 “
1312 1679 1481 1704 marchionis
1492 1697 1515 1710 m
1530 1680 1651 1712 promise
1670 1681 1698 1704 di
1718 1680 1861 1704 restituire
1874 1688 1931 1705 una
1944 1688 2052 1705 somma
2066 1688 2147 1714 presa
2165 1688 2182 1705 a

1288 1724 1394 1746 mutuo.
1409 1729 1423 1745 e
1437 1721 1465 1745 di
1479 1721 1632 1746 restituit-la
1652 1722 1665 1735 α
1676 1724 1741 1745 ante
1759 1721 1859 1746 esitum
1873 1722 2017 1754 reg'minis
2029 1722 2063 1754 η).
2100 1722 2122 1746 ΙΙ
2140 1722 2182 1746 vi-

1288 1766 1386 1787 sconte
1413 1762 1496 1787 Cerra
1517 1763 1646 1796 riappare
1666 1763 1696 1787 in
1716 1771 1755 1788 un
1780 1765 1842 1787 atto
1861 1764 1904 1788 del
1927 1770 1959 1788 22
1978 1764 2063 1796 luglio
2090 1763 2182 1795 (Mem.

1290 1812 1364 1836 1290,
1385 1813 1410 1828 n.
1434 1811 1498 1835 125:
1520 1805 1570 1829 “d.
1591 1805 1662 1829 Cera
1681 1806 1838 1830 vicecomes
1851 1805 1878 1829 d.
1899 1805 2072 1830 marchionis
2085 1805 2184 1830 Esten-

1291 1847 1387 1877 “sisffl
1407 1855 1421 1871 e
1441 1847 1487 1879 poi
1508 1847 1537 1870 in
1557 1847 1622 1871 altri
1643 1847 1804 1879 posteriori.

1376 1888 1386 1903 3
1405 1889 1418 1912 Ι
1436 1889 1582 1921 Reggiani‚
1602 1889 1741 1913 imitando
1762 1889 1824 1921 quei
1839 1889 1867 1913 di
1883 1889 2013 1919 Modena,
2027 1889 2184 1913 credettero

1289 1932 1318 1955 di
1339 1938 1421 1963 poi-re
1439 1931 1560 1954 termine
1578 1931 1629 1955 alle
1648 1930 1791 1955 discordie
1809 1931 1947 1955 cittadine
1967 1930 2094 1955 offrendo
2107 1930 2133 1955 la
2147 1930 2184 1954 si-

1289 1973 1390 2005 gnorin
1409 1974 1443 1997 ad
1464 1973 1567 1997 Obizzo
1588 1973 1626 1996 11:
1647 1973 1703 1997 tale
1722 1973 1824 1997 offerta
1837 1973 1907 1997 cade
1920 1973 1963 1997 nel
1977 1972 2100 2004 germaio
2118 1978 2185 2004 1290

1291 2013 1338 2042 (cf.
1355 2015 1417 2039 Chr.
1439 2015 1507 2045 Reg.
1527 2015 1557 2038 in
1578 2015 1642 2038 RR.
1663 2015 1704 2038 II.
1726 2014 1786 2043 SS„
1810 2014 1912 2043 xvm,
1935 2020 1981 2046 133
2002 2014 2063 2039 chr.
2082 2014 2185 2043 Parm„

1290 2056 1361 2080 ediz.
1375 2057 1504 2085 Bonazzi,
1528 2064 1554 2088 p.
1576 2057 1617 2086 58.
1638 2057 1653 2080 l.
1675 2063 1706 2080 22
1726 2056 1810 2089 sgg.)·,
1835 2056 1988 2088 l’ingresso
2001 2056 2187 2080 dell'Estense

1291 2099 1320 2121 in
1334 2097 1440 2130 Reggio
1455 2097 1468 2122 ὲ
1483 2100 1599 2130 segnato
1619 2098 1645 2122 al
1667 2103 1696 2128 15
1718 2098 1802 2130 luglio
1826 2098 1871 2122 dal
1893 2098 1953 2122 Chr.
1974 2099 2044 2126 Est„
2064 2097 2116 2121 loc.
2129 2096 2186 2127 cit„

1292 2147 1357 2171 341:
1378 2140 1475 2164 invece
1488 2140 1507 2163 il
1521 2141 1650 2164 Romana
1665 2140 1702 2172 (p.
1720 2139 1789 2172 119),
1803 2147 1876 2173 pone
1889 2139 1964 2164 l’uno
1978 2147 1993 2163 e
2006 2138 2098 2163 l’altro
2112 2138 2186 2163 fatto

1291 2183 1335 2206 nel
1347 2183 1469 2214 germaio
1483 2182 1649 2213 preeisando
1664 2183 1714 2206 che
1728 2182 1753 2206 la
1766 2183 1894 2214 signoria
1909 2182 1941 2206 fu
1954 2181 2020 2205 data
2034 2181 2070 2205 ad
2083 2179 2186 2206 Obizzo

1292 2225 1367 2247 sotto
1382 2224 1473 2248 forma
1488 2224 1515 2248 di
1531 2223 1689 2256 podesteria
1709 2223 1861 2247 triennale:
1881 2221 1942 2247 cosi
1956 2223 1979 2246 si
1993 2224 2089 2255 spiega
2109 2229 2188 2246 come

1292 2267 1317 2289 al
1336 2273 1385 2290 suo
1406 2267 1639 2298 rappresentante
1658 2266 1687 2289 in
1708 2265 1824 2298 Reggio,
1835 2265 1886 2288 che
1900 2264 1932 2288 fu
1945 2264 2088 2288 Bernardo
2102 2263 2188 2287 Rossi

1294 2308 1318 2339 (“
1328 2308 1361 2331 de
1379 2307 1476 2337 Rufis„
1498 2308 1577 2332 fldem.
1591 2311 1649 2338 pot.
1670 2308 1742 2338 Reg.
1762 2308 1790 2330 in
1811 2307 1874 2331 RR.
1896 2306 1935 2329 Il.
1956 2305 2016 2334 SS„
2031 2305 2105 2335 VIII,
2123 2309 2188 2336 1174

1293 2357 1307 2373 e
1320 2349 1380 2373 Lib.
1399 2350 1430 2372 de
1449 2352 1557 2380 tempor.
1579 2349 1608 2372 in
1623 2349 1662 2373 M.
1680 2348 1723 2377 G„
1737 2348 1839 2378 XXXI,
1864 2351 1928 2378 579:
1949 2347 2104 2371 “dominus
2118 2346 2189 2370 Mar-

1296 2391 1381 2415 “chio
1401 2390 1478 2414 dedit
1498 2397 1550 2422 pro
1577 2397 1626 2414 suo
1646 2390 1753 2414 vicario
1768 2391 1798 2413 in
1812 2390 1946 2414 rectorem
1960 2389 2105 2412 dominum
2125 2387 2189 2411 Ber-

1295 2433 1436 2456 “nardum
1456 2432 1487 2456 de
1506 2432 1584 2457 Ruris
1603 2432 1636 2455 de
1655 2431 1807 2456 Florencia
1818 2430 1850 2462 „)‚
1874 2430 1951 2454 fosse
1971 2430 2038 2454 dato
2060 2430 2080 2453 il
2105 2428 2188 2453 titolo

1295 2475 1325 2498 di
1345 2475 1463 2498 v'cario.

1384 2515 1395 2530 ⁴
1415 2516 1579 2540 Podesteria
1593 2516 1792 2539 documentata
1813 2514 1907 2545 (Mem.
1930 2520 2006 2545 1290,
2027 2520 2076 2537 nn.
2093 2519 2114 2542 x,
2129 2517 2189 2544 325,

1297 2565 1370 2590 1903,
1392 2563 1476 2589 2374}
1497 2558 1539 2581 nel
1554 2565 1580 2581 n.
1598 2564 1609 2580 1
1622 2566 1627 2580 ε
1643 2557 1656 2569 ‘¹
1669 2558 1793 2588 tempore
1807 2555 1952 2588 regiminis
1971 2554 2076 2579 nobilis
2089 2553 2190 2577 militis

1295 2598 1307 2611 ‘⁴
1321 2600 1371 2623 dfii
1390 2599 1507 2623 Henrici
1527 2599 1560 2623 de
1579 2598 1745 2630 Segnorellis
1759 2598 1792 2621 de
1806 2597 1920 2621 Feraria
1939 2595 2115 2620 honorabilis
2129 2596 2188 2628 pot.

1296 2641 1389 2665 “Mula
1409 2641 1570 2665 ementibus
1589 2640 1671 2664 annis
1690 2640 1738 2663 dfii
1760 2639 1851 2663 nostri
1869 2638 1951 2662 Ihesu
1972 2638 2082 2662 Christi
2102 2637 2190 2661 Mille-

1295 2683 1308 2695 “
1321 2683 1390 2706 simo
1409 2684 1525 2706 cclxxxx
1544 2682 1642 2706 indict.
1657 2681 1754 2710 tercia,
1769 2680 1875 2704 dictum
1895 2680 2016 2704 officium
2037 2678 2190 2711 potestatis

1295 2725 1474 2748 “exercentis
1494 2731 1545 2756 pro
1571 2723 1723 2755 Magnifice
1742 2724 1771 2747 et
1791 2722 1904 2745 inlustri
1924 2722 1988 2745 viro
2009 2720 2064 2745 dfio
2084 2720 2118 2745 O.
2137 2720 2191 2752 dey

1296 2767 1308 2779 “
1320 2766 1412 2798 gratia
1431 2767 1541 2790 Estensi
1560 2767 1587 2790 et
1606 2765 1809 2789 Anchonitano
1834 2763 1996 2788 marchione
2015 2764 2043 2787 et
2061 2762 2190 2786 ciuitatis

1297 2810 1308 2820 ‘¹
1320 2809 1387 2832 Μυῒ.
1407 2809 1434 2831 et
1453 2807 1598 2832 districtus
1618 2810 1644 2831 et
1663 2807 1794 2831 teratorii
1807 2806 1929 2830 eiusdem
1943 2804 2000 2828 dno
2015 2805 2149 2837 perpetuo
2163 2804 2191 2828 et

1296 2850 1465 2879 “rectore„3
1493 2850 1566 2881 negli
1593 2849 1687 2873 ultimi
1711 2848 1763 2872 due
1790 2847 1897 2871 numeri
1925 2854 1974 2879 par
1999 2846 2050 2870 che
2069 2845 2092 2870 si
2111 2846 2190 2878 legga

1298 2892 1347 2915 “d.
1368 2891 1472 2925 Emrici
1493 2899 1507 2915 e
1527 2892 1628 2915 Emrici
1648 2891 1680 2914 de
1693 2889 1861 2921 Segnorellis
1873 2888 1908 2919 „).

1384 2933 1394 2948 ⁵
1415 2934 1466 2957 Per
1486 2933 1603 2957 1‘u1t2ma
1622 2932 1756 2962 cruciata,
1777 2932 1827 2955 che
1847 2929 1894 2954 fini
1913 2938 1967 2954 con
1987 2930 2013 2954 la
2033 2930 2142 2962 perdita
2161 2928 2190 2953 di

1296 2977 1374 3006 Acri,
1397 2977 1427 3002 18
1446 2976 1557 3008 maggio
1581 2980 1656 3007 1295.

2197 559 2214 591 5

2210 1518 2244 1544 50

2212 1720 2242 1746 SS

2211 1927 2249 1952 60

2218 2346 2251 2372 70

2219 2756 2253 2781 80
