2370 3603
62 586 80 617 5

105 243 188 287 [ΑΛ.
210 242 401 286 1237-12313]
723 241 978 280 IOHANNIS
1007 237 1076 280 DE
1104 244 1324 281 BAZANo
1889 248 1932 282 21

105 377 315 408 destructum
351 375 417 406 tuit
452 385 472 406 a
506 375 777 407 Bononiensibus
811 381 845 407 et
878 386 965 417 pons
997 377 1040 408 de
1072 377 1271 408 Navexellis
1303 383 1337 409 et
1372 377 1487 419 plures
1519 378 1604 409 aliae
1636 378 1738 409 villae
1771 378 1944 410 districtus

107 429 262 461 Mutinae
275 427 293 459 ².
339 427 442 460 Dicto
460 438 550 459 anno
575 428 731 460 dominus
756 429 945 469 Imperator
969 429 1099 460 devicit
1121 429 1398 461 Mediolanenses
1422 436 1455 462 et
1471 431 1606 471 accepit
1624 430 1674 461 eis
1691 431 1865 462 carocium
1882 441 1944 471 per

105 481 175 512 vim
199 480 291 522 apud
314 480 455 512 Curtem
481 480 626 518 Novam,
643 481 705 512 sed
727 481 821 522 prius
844 487 985 522 ceperat
1008 481 1161 513 Montem
1179 482 1316 513 Clarum
1334 483 1510 514 districtus
1534 483 1670 514 Brixiae
1695 489 1728 514 et
1753 493 1829 515 cum
1846 482 1946 514 Man-

106 533 216 565 tuanis
232 538 266 564 et
289 533 424 565 Comite
449 532 567 564 Sancti
592 533 767 564 Bonifacii
792 532 1012 565 federato***.

192 585 359 616 Dominus
382 585 587 628 Raynaldus
609 585 653 617 de
677 585 857 628 Aquaviva
880 586 923 618 de
947 586 1082 628 Apulea
1113 587 1269 619 Potestas
1292 588 1447 619 Mutinae
1479 588 1514 619 in
1538 588 1757 631 Mecinfflviij
1774 588 1795 619 ².
1842 588 1945 619 Dicto

103 645 257 680 tempore
270 638 458 679 Imperator
474 638 539 669 fuit
557 639 591 669 in
609 637 788 670 obsidione
800 639 936 670 Brixiae
954 638 1009 679 [et]
1026 639 1166 671 intravit
1183 639 1218 670 in
1235 640 1428 672 Marchiam
1445 641 1661 672 Trivisanam
1722 641 1774 672 Eo
1791 646 1945 681 ternpore

104 692 218 723 dictus
241 691 399 722 dominus
422 691 613 732 Imperator
636 691 732 723 dedit
756 701 896 723 uxorem
920 691 1075 723 Henrico
1100 692 1170 723 filio
1194 703 1255 724 suo
1280 693 1427 724 naturali
1443 693 1664 725 Damisellam
1688 700 1722 725 et
1746 693 1858 725 factus
1882 693 1947 724 tuit

106 744 185 776 Rex
208 743 330 775 Turris
352 749 385 774 et
410 743 571 775 Gallurae
596 744 630 774 in
656 744 824 776 Sardinea
837 744 859 775 4.

192 796 357 828 Dominus
379 795 534 827 Marinus
551 796 593 827 de
611 796 722 828 Ebulo
740 797 783 828 de
799 797 920 838 Capua
937 796 1091 828 Potestas
1108 798 1262 829 Mutinae
1280 798 1339 838 [in]
1358 798 1592 842 M.ccxxxviiij
1608 798 1629 830 ⁵.
1675 799 1779 830 Dicto
1796 804 1947 839 tempore

48 851 86 881 10
110 849 268 881 Marchio
293 848 455 886 Estensis‚
480 849 605 881 Comes
629 849 747 881 Sancti
772 849 956 887 Bonifacii,
980 849 1162 881 Albericus
1187 851 1230 882 de
1253 851 1411 882 Romano
1429 857 1462 883 et
1479 852 1528 882 illi
1553 852 1596 883 de
1620 851 1762 883 Camino
1780 855 1946 892 ceperunt

45 1111 81 1144 15

44 1705 76 1722 10

43 1910 72 1936 15

41 2123 74 2140 20

41 2333 72 2359 ²5

39 2542 74 2567 30

40 2748 71 2774 35

39 2955 74 2980 4⁰

105 912 180 934 esse
203 901 350 933 rebelles
375 901 593 943 Imperatoris
610 902 787 934 Frederici
800 902 821 933 ὃ.
869 902 1002 934 Eodem
1019 913 1108 934 anno
1125 903 1180 935 die
1206 904 1341 935 veneris
1365 902 1416 946 iij⁰
1433 904 1519 935 iunii
1537 904 1573 935 in
1591 904 1675 935 hora
1691 909 1787 935 sexta
1804 903 1869 934 fuit
1886 903 1947 934 mi-

106 954 222 987 rabilis
246 954 384 995 eclipsis
407 954 488 986 solis
513 961 546 986 et
570 955 705 986 duravit
729 964 837 997 usque
861 955 896 986 in
920 955 1039 986 horam
1064 965 1175 987 nonae
1199 962 1233 987 et
1257 956 1293 986 in
1318 962 1448 988 tantum
1466 957 1533 988 tuit
1557 957 1606 987 sol
1632 956 1834 988 obscuratus
1851 955 1947 997 quod

105 1007 222 1039 stellae
239 1006 448 1038 clarissimae
465 1006 668 1039 videbantur
684 1008 719 1038 in
736 1008 835 1039 coelo
852 1007 940 1039 sicut
957 1008 1000 1039 de
1018 1013 1119 1039 nocte
1136 1014 1303 1049 apparent
1315 1007 1336 1040 ⁷.
1383 1009 1487 1040 Dicto
1513 1015 1666 1050 tempore
1683 1009 1839 1040 dominus
1863 1009 1947 1039 Fre-

105 1059 241 1091 dericus
263 1059 454 1101 Imperator
477 1070 556 1090 cum
580 1059 846 1097 Mutinensibus,
871 1060 1015 1103 Reginis
1038 1066 1071 1092 et
1094 1060 1336 1092 Parmensibus
1361 1068 1394 1092 et
1418 1061 1705 1094 Cremonensibus
1722 1061 1788 1093 fuit
1805 1061 1841 1092 In
1857 1060 1947 1092 obsi-

106 1113 211 1144 dione
235 1112 338 1144 castri
363 1111 523 1144 Plumatii
548 1118 582 1144 et
606 1123 668 1154 per
691 1114 758 1144 vim
784 1118 950 1154 ceperunt
974 1113 1103 1144 dictum
1128 1120 1275 1145 castrum
1301 1119 1335 1145 et
1362 1114 1610 1156 dirupaverunt
1641 1120 1675 1146 et
1707 1114 1949 1145 destruxerunt

104 1175 181 1196 eum
205 1171 239 1196 et
262 1165 365 1196 etiam
389 1171 556 1206 ceperunt
579 1176 641 1207 per
664 1166 731 1197 vim
757 1172 903 1197 castrum
928 1165 1124 1197 Crevacorii
1141 1166 1316 1198 districtus
1332 1167 1510 1198 Bononiae
1529 1173 1563 1198 et
1580 1178 1656 1198 eum
1674 1167 1914 1198 destruxerunt
1926 1164 1947 1196 ¹³.

106 1282 269 1306 Leonis....
289 1282 374 1306 Dicto
392 1289 477 1311 anno,
496 1290 544 1306 om.
566 1282 660 1311 MUR.3
680 1282 807 1306 Cast-rum
828 1282 884 1305 Leo
905 1281 948 1310 A,
971 1282 1014 1305 Cr.
1030 1295 1061 1298 —
1079 1289 1100 1305 1.
1114 1286 1226 1314 pontem
1246 1282 1288 1311 A„
1311 1284 1355 1307 Cr.
1371 1296 1381 1300 -
1400 1283 1554 1306 Navesellis
1570 1283 1615 1307 Cr.
1631 1296 1662 1299 —
1684 1288 1707 1305 3.
1721 1281 1827 1306 deuixit
1845 1281 1888 1310 A„
1905 1281 1950 1304 Cr.

107 1337 138 1340 —-
158 1331 182 1355 4.
203 1323 329 1348 federato
338 1321 390 1347 ***.
429 1325 458 1348 ll
473 1332 545 1348 senso
572 1332 663 1348 accusa
683 1332 735 1347 una
759 1324 867 1352 lacuna;
886 1326 960 1347 tanto
976 1321 1025 1353 pin>
1037 1323 1183 1354 probabile,
1199 1324 1294 1354 poich&
1313 1332 1359 1348 con
1383 1329 1473 1356 questa
1493 1325 1591 1355 pamla
1617 1324 1642 1347 si
1665 1323 1755 1347 chiude
1779 1331 1829 1346 una
1843 1323 1951 1354 pagina

106 1366 136 1389 di
154 1364 187 1388 A.
206 1379 238 1382 —
259 1370 282 1395 5.
303 1365 407 1396 Apulia
426 1365 503 1390 MUR.
522 1379 554 1383 —
575 1366 629 1396 5-8.
650 1365 796 1389 DIcto....
817 1364 958 1393 Sardinea,
979 1371 1026 1388 om.
1046 1364 1124 1389 MUR.
1147 1379 1177 1383 —
1198 1366 1221 1390 8.
1237 1365 1320 1389 Turis
1339 1368 1365 1389 et
1378 1367 1491 1397 galluris
1510 1366 1559 1395 A.;
1580 1365 1703 1390 Galluris
1725 1365 1769 1388 Cr.
1783 1377 1795 1382 -
1808 1364 1951 1392 Sardinea,

106 1415 151 1431 con
169 1407 194 1431 il
204 1410 289 1438 punto
307 1408 377 1430 sulla
396 1415 410 1431 e
429 1408 457 1430 in
476 1407 525 1436 A.;
545 1407 682 1436 Sardinia,
706 1407 750 1431 Cr.
771 1419 803 1423 —-
824 1413 848 1437 9.
870 1406 1009 1430 Martinus
1030 1406 1071 1435 A..
1093 1406 1179 1435 Mun„
1201 1408 1245 1431 Cr.
1267 1420 1298 1424 -
1325 1415 1381 1439 9·p-
1403 1414 1444 1436 22,
1464 1408 1483 1431 1.
1502 1407 1526 1432 6.
1553 1408 1701 1431 Dicto....

106 1448 184 1473 Mmz.
205 1463 236 1466 —
260 1454 299 1472 12.
323 1449 450 1481 ecclipsis
469 1449 503 1472 A.

191 1530 201 1547 ¹
219 1532 260 1556 La
280 1539 360 1565 presa
379 1532 408 1556 di
420 1531 511 1556 Castel
523 1532 617 1557 Leone
636 1532 665 1555 fu
685 1531 704 1556 il
724 1536 754 1561 25
776 1531 924 1556 novembre
943 1530 1005 1562 (SA-

102 1579 242 1603 L1MBENE,
254 1575 294 1598 M.
309 1574 350 1602 G.‚
363 1573 475 1602 XXXII,
485 1580 528 1605 94:
541 1575 682 1604 illelmpot.
695 1574 766 1605 Reg.
779 1574 808 1597 in
820 1573 883 1597 RR.
896 1574 934 1596 II.
944 1573 1004 1597 SS„

103 1614 177 1644 VIII,
195 1622 274 1645 11103
295 1615 353 1639 Lib.
373 1616 405 1639 de
424 1618 531 1646 tempor.
552 1616 581 1638 in
601 1616 642 1640 M.
666 1616 708 1644 G.,
728 1615 827 1643 XXXI,
849 1620 911 1645 5123
928 1613 1004 1638 CAN-

101 1662 227 1685 T1N13LL1,
246 1657 314 1681 ediz.
335 1657 468 1685 Torraca,
483 1665 508 1689 p.
524 1663 548 1688 3,
568 1657 597 1681 Il.
611 1657 702 1688 9-12)3
716 1657 741 1680 la
757 1658 835 1681 Cron.
856 1656 951 1680 miscel.
972 1655 1002 1678 in

102 1698 166 1722 RR.
188 1699 228 1722 II.
248 1698 309 1727 SS„
325 1698 424 1728 XVIII,
440 1703 498 1728 239,
518 1705 566 1721 ora
581 1699 609 1721 in
626 1699 725 1728 Corpus
738 1699 832 1722 Cbron.
851 1698 952 1727 bonon„
966 1698 1000 1729 ΙΙ,

105 1737 161 1768 106,
180 1740 329 1763 racconta:
342 1740 355 1752 “
367 1739 399 1762 Li
414 1739 555 1771 Bolognisi
570 1738 718 1764 assediono
729 1747 743 1763 e
755 1747 869 1772 preseno
881 1740 906 1764 el
915 1741 999 1772 ponte

102 1779 157 1804 “de
179 1780 202 1804 Ie
226 1781 371 1804 Navexelle
392 1782 418 1804 et
439 1779 457 1803 11
475 1780 507 1804 t'u
526 1782 618 1804 morto
638 1781 796 1813 Redolphin
825 1780 911 1805 Gatto
931 1782 957 1805 et
976 1782 1002 1806 lo

102 1823 202 1847 “dicto
221 1830 297 1846 anno
316 1823 335 1846 li
363 1823 509 1854 Bolognesi
535 1823 683 1847 assediono
705 1822 825 1847 Casteuo
846 1823 919 1847 Lion
939 1831 953 1848 e
973 1825 1002 1848 in

102 1864 234 1888 “haveno
254 1871 326 1889 nove
345 1863 373 1888 di
392 1865 418 1888 lo
437 1872 454 1889 a
474 1865 616 1896 malgrado
637 1865 666 1888 di
685 1865 860 1895 Modenisi„.

189 1904 199 1921 ²
220 1897 240 1929 ὲ
261 1906 279 1930 il
298 1906 390 1939 primo
416 1907 459 1930 dei
478 1907 578 1931 baroni
598 1907 714 1939 pugliesi
742 1907 866 1931 mandati
892 1908 926 1931 da
954 1909 1001 1932 Fe-

101 1948 196 1972 derico
214 1947 240 1971 11
259 1948 295 1972 ad
314 1948 463 1972 esercitare
480 1948 508 1972 la
527 1948 684 1980 podesteria
704 1948 734 1972 in
756 1949 885 1977 Modena,
912 1947 947 1973 ne
970 1950 997 1973 di

101 1986 140 2013 lui
159 1990 182 2014 si
202 1990 239 2014 ha
258 1990 341 2014 alcun
362 1989 528 2013 documento
549 1990 701 2014 modenese.

190 2029 200 2046 3
221 2030 361 2056 L'assedio
382 2031 410 2054 di
432 2032 544 2055 Brescia
562 2031 704 2056 comincio
725 2032 744 2055 il
764 2040 778 2064 3
804 2034 903 2064 agosto
929 2041 943 2057 e
969 2033 998 2057 t'u

101 2074 300 2098 abbandonato
320 2073 340 2096 il
359 2080 375 2104 9
394 2074 505 2097 ottobre
524 2073 713 2104 (MALvecms,
729 2075 788 2099 chr.
803 2074 866 2098 briv.
887 2075 915 2098 in
932 2075 997 2099 RR.

102 2116 140 2140 Il.
161 2116 221 2144 SS..
241 2114 315 2145 xiv,
335 2115 478 2147 911-912):
498 2115 630 2139 Federico
649 2115 675 2139 ΙΙ
693 2116 718 2139 si
738 2117 877 2140 trattenne
896 2117 944 2149 poi
965 2117 993 2140 in

102 2157 209 2181 diverse
219 2154 289 2181 cittii
300 2157 328 2181 di
343 2155 514 2181 Lombardia
524 2163 538 2180 e
550 2156 609 2181 solo
624 2157 665 2180 nel
679 2157 800 2189 gennaio
817 2164 882 2189 1239
896 2159 908 2171 “
922 2158 999 2190 equi-

101 2197 115 2210 “
128 2199 201 2223 tavit
211 2199 241 2222 in
255 2199 399 2222 Marcham
410 2215 423 2228 „
438 2198 517 2229 (Ann.
524 2199 642 2229 placent.
657 2198 686 2222 in
699 2199 741 2222 ill.
761 2199 803 2228 G„
817 2199 916 2229 XVIII,
929 2199 998 2230 480).

190 2239 201 2254 ⁴
221 2240 243 2263 II
263 2240 445 2264 matrimonio
464 2240 492 2263 di
506 2240 603 2269 Enzio,
619 2239 693 2271 figlio
707 2240 736 2263 di
750 2241 882 2264 Federico
896 2241 930 2269 ΙΙ,
944 2248 998 2265 con

102 2282 232 2306 Adelasia
252 2281 280 2305 di
301 2282 402 2305 Torres
423 2280 509 2313 (figlia
529 2281 556 2305 di
577 2281 707 2305 Mariano
726 2281 752 2305 II
771 2282 882 2313 giudice
897 2282 925 2305 di
941 2283 994 2306 Lo-

101 2324 208 2355 gudoro
227 2331 242 2347 e
261 2323 369 2348 vedova
390 2323 418 2347 di
445 2323 552 2348 Ubaldo
577 2323 709 2347 Visconti
735 2323 855 2354 iuniore)
884 2324 915 2348 fu
944 2324 1000 2348 nel-

100 2365 237 2395 l’ottobre,
257 2365 332 2398 dopo
352 2365 403 2389 che
422 2364 448 2388 lo
469 2372 553 2397 sposo
567 2364 597 2388 tu
611 2366 720 2389 armato
733 2365 871 2390 cavaliere
884 2366 914 2389 in
933 2365 1000 2390 Cre-

101 2414 185 2431 mona
205 2406 250 2437 (ef.
270 2407 303 2431 H.
324 2407 454 2435 BLAans,
475 2407 581 2437 Koemgr
594 2407 687 2435 Enzio,
700 2406 851 2435 Breslavia,
874 2408 948 2438 1884,
962 2404 998 2431 ei

101 2448 165 2472 miei
177 2449 290 2473 Ricordi
301 2448 435 2472 danteschi
447 2448 477 2471 di
488 2447 640 2479 Sardegna,
653 2448 750 2477 Roma,
765 2448 839 2480 1895,
851 2456 898 2480 pp.
913 2449 998 2479 17—18.

99 2496 148 2514 ora
168 2490 199 2514 in
218 2490 317 2515 Scrittt'
334 2489 479 2519 dantescfn',
499 2488 577 2514 Citta
597 2489 624 2512 di
643 2488 779 2518 Castello,
802 2490 888 2520 1914).

188 2530 199 2547 5
218 2531 381 2556 Podesteria
391 2531 588 2555 documentata
599 2530 624 2554 al
637 2535 652 2561 7
667 2531 778 2555 ottobre
792 2530 890 2562 (Arch.
904 2531 999 2564 capit.,

100 2572 171 2597 Cod.
190 2573 224 2603 Ο,
244 2574 278 2604 ΙΙ,
299 2580 341 2602 ιι,
360 2580 383 2597 c.
406 2572 480 2604 171):
499 2572 550 2596 che
569 2572 588 2595 il
615 2579 680 2596 vero
706 2579 788 2596 nome
813 2572 854 2596 del
883 2571 999 2605 podesta

99 2614 174 2640 fosse
186 2615 298 2640 Marino
310 2616 335 2640 si
348 2616 384 2639 ha
404 2615 439 2639 da
452 2615 522 2639 altre
535 2614 609 2639 fonti
624 2622 638 2638 e
652 2614 726 2646 dagli
739 2615 794 2639 atti
808 2614 997 2639 fredericiani.

187 2655 199 2672 ⁶
218 2657 350 2682 Accenna
369 2657 422 2681 alla
441 2656 586 2681 ribellione
605 2657 634 2680 di
653 2656 770 2680 Treviso
791 2664 840 2689 per
859 2663 943 2689 opera
969 2656 998 2680 di

100 2699 230 2723 Alberico
250 2699 285 2723 da
304 2699 433 2723 Romano
453 2706 467 2722 e
487 2698 530 2722 dei
549 2698 657 2730 signori
678 2698 706 2721 di
725 2697 845 2722 Camino
860 2698 903 2729 (14
917 2705 994 2730 mag-

99 2741 167 2772 gio),
187 2741 212 2765 al
231 2740 357 2765 distacco
371 2740 399 2764 di
414 2741 488 2764 Azzo
502 2739 528 2763 d·
536 2740 601 2764 Este
614 2738 661 2772 gia
674 2739 761 2763 fedele
777 2739 821 2763 all’
830 2740 998 2772 imperatore

101 2781 146 2812 (10
163 2781 290 2814 giugno)‚
309 2789 382 2812 ecc.3
401 2780 439 2805 cf.
459 2781 613 2810 BOEHMER,
631 2781 713 2812 Reg„
732 2787 801 2812 ²439
812 2781 836 2809 b,
856 2787 921 2812 2441
935 2781 958 2804 d.

189 2821 199 2836 ⁷
220 2822 234 2835 ¹‘
244 2822 285 2846 ita
303 2823 379 2854 quod
398 2822 474 2846 stelle
487 2822 567 2846 sicud
581 2822 614 2846 de
628 2823 693 2846 note
706 2822 874 2846 videbantur
886 2838 898 2851 ,,
908 2839 915 2851 ,
931 2822 992 2846 Chr.

95 2867 194 2894 parm„
212 2864 280 2888 ediz.
300 2864 428 2894 Bonazzi,
450 2872 475 2896 p.
494 2864 563 2893 12,1.
588 2871 608 2887 1.
647 2864 686 2888 La
706 2863 843 2889 memoria
856 2863 884 2887 di
897 2865 992 2895 questa

100 2905 191 2930 ecussi
210 2913 257 2930 era
275 2907 390 2938 segnata
415 2913 499 2937 sopra
524 2905 726 2930 un’iscrizione
747 2906 995 2936 contemporanea,

100 2946 149 2980 gia
167 2947 296 2972 esistente
315 2948 387 2972 neila
405 2948 501 2972 chiesa
520 2947 708 2979 parrocchiale
728 2947 757 2971 di
777 2948 859 2971 santo
879 2947 995 2972 Stefana

101 2989 132 3014 in
158 2990 292 3021 Buzano,
317 2996 367 3014 ora
393 2989 528 3021 perduta3
553 2990 579 3013 la
604 2990 691 3014 stessn
717 2989 867 3013 iscrizione
892 2988 924 3013 fu
948 2996 996 3021 ap-

1728 1406 1882 1434 Scu1tenae,
1902 1413 1950 1429 om.

1059 1532 1138 1564 posta
1158 1532 1245 1556 anche
1264 1532 1336 1557 nella
1355 1532 1448 1557 chiesa
1468 1532 1496 1556 di
1516 1532 1659 1556 Monchio.

1146 1571 1157 1587 ⁸
1176 1574 1217 1598 La
1235 1581 1334 1605 guerra
1353 1576 1454 1598 contro
1474 1574 1599 1605 Bologna
1618 1573 1760 1598 comincio
1780 1573 1833 1598 alla
1853 1573 1906 1596 fine
1921 1571 1950 1595 di

1057 1615 1177 1646 giugno:
1198 1616 1253 1639 “In
1273 1616 1371 1640 ultima
1390 1616 1544 1640 ebdomada
1564 1616 1636 1639 iunii
1657 1615 1777 1648 proximi
1798 1615 1951 1647 imperator

1059 1656 1071 1669 ‘¹
1082 1664 1144 1680 cum
1165 1657 1223 1680 suis
1243 1658 1379 1682 militibus
1398 1657 1577 1686 theotonicis,
1591 1665 1654 1681 cum
1669 1657 1873 1685 Pin-mensibus,
1890 1657 1951 1679 Mu-

1059 1698 1248 1727 “tinensibus,
1268 1699 1383 1730 Reginis
1402 1700 1485 1730 atquc
1504 1699 1640 1722 militibus
1662 1699 1769 1727 Tuscie,
1796 1698 1898 1730 Apulie
1923 1698 1950 1720 et

1059 1739 1147 1764 “aliis
1166 1741 1286 1764 intravit
1305 1742 1335 1764 in
1354 1741 1546 1773 episcopatum
1566 1741 1694 1764 Bononie
1713 1742 1740 1764 et
1759 1740 1873 1764 castella
1886 1740 1950 1763 Plu-

1058 1782 1071 1794 “
1083 1782 1165 1805 macii
1185 1783 1212 1805 et
1233 1781 1398 1806 Crevacoris
1417 1782 1493 1814 cepit
1512 1783 1538 1806 et
1556 1782 1709 1806 combuxit.
1729 1783 1756 1805 et
1775 1782 1852 1805 circa
1878 1781 1951 1804 mille

1058 1823 1209 1855 “captivos
1229 1824 1259 1847 in
1278 1824 1349 1856 ipsis
1367 1824 1487 1848 castellis
1500 1824 1583 1856 cepit,
1598 1831 1666 1855 quos
1691 1823 1830 1847 Mutinam
1844 1824 1871 1846 et
1884 1823 1951 1846 Par-

1058 1865 1155 1889 “mam
1175 1867 1201 1889 et
1220 1865 1337 1897 Regium
1365 1865 1428 1889 duci
1455 1866 1548 1895 fecit„
1577 1865 1655 1895 (Anu.
1678 1866 1750 1895 plac.
1778 1865 1806 1888 in
1833 1865 1874 1888 M.
1905 1865 1948 1893 G„

1056 1905 1156 1936 XVIII,
1176 1905 1254 1937 4Sr)3
1274 1906 1287 1918 “
1299 1907 1365 1939 imp.
1387 1906 1549 1930 Fredericus
1569 1906 1679 1930 obsedit
1697 1907 1820 1930 castrum
1840 1906 1950 1929 Pluma-

1057 1947 1069 1960 “
1082 1948 1156 1971 cium
1176 1949 1203 1972 et
1223 1947 1419 1977 Crevacorum,
1440 1949 1489 1979 qui
1509 1949 1549 1972 est
1573 1948 1602 1971 in
1624 1948 1789 1980 episcopatu
1813 1947 1949 1975 Bononie,

1056 1989 1142 2012 “cum
1171 1989 1367 2013 Parmensibus
1396 1991 1423 2013 et
1448 1989 1657 2013 Mutinensibus
1682 1990 1709 2012 et
1733 1996 1796 2012 cum
1823 1988 1950 2012 ducentis

1056 2030 1217 2054 “militibus
1235 2031 1352 2062 Reginis
1377 2033 1405 2055 et
1427 2031 1501 2054 mille
1527 2031 1666 2063 peditibus
1692 2031 1725 2054 de
1751 2037 1843 2054 mense
1868 2030 1949 2058 iunii,

1055 2072 1165 2104 “[iulii]
1186 2073 1307 2104 augusti,
1327 2073 1515 2105 septembris„
1544 2071 1636 2102 (Mem.
1658 2075 1714 2102 pot.
1739 2073 1808 2103 Reg.
1829 2071 1858 2094 in
1886 2072 1948 2095 RR.

1055 2114 1094 2138 ll.
1110 2114 1170 2143 SS„
1185 2114 1258 2143 VIII,
1272 2121 1298 2137 11
1308 2121 1338 2138 10
1348 2121 1361 2137 e
1374 2115 1433 2138 Lib.
1448 2116 1480 2137 de
1490 2118 1597 2145 tempor.
1612 2115 1641 2138 in
1652 2115 1693 2138 M.
1707 2114 1748 2143 G„
1760 2113 1860 2143 XXXI,
1873 2114 1949 2145 513);

1054 2156 1063 2179 i
1083 2156 1135 2180 due
1157 2157 1262 2180 castelli
1287 2156 1394 2189 “capta
1417 2156 1529 2180 fuerunt
1551 2163 1568 2180 a
1590 2157 1787 2180 Par-mensibus
1812 2157 1839 2179 et
1865 2156 1950 2180 Muti—

1055 2198 1067 2210 “
1080 2198 1210 2222 nensibus
1229 2199 1257 2221 et
1276 2198 1355 2221 multi
1382 2197 1496 2222 fuerunt
1516 2198 1593 2221 ducti
1615 2198 1742 2221 Parmam
1761 2199 1788 2221 et
1809 2197 1948 2221 Mutinam

1055 2239 1107 2262 “in
1127 2242 1291 2267 carceribus,
1306 2240 1335 2262 et
1354 2240 1430 2263 dicta
1451 2241 1542 2263 castra
1564 2240 1703 2263 destructa
1723 2239 1836 2263 fuerunt
1857 2239 1887 2262 in
1906 2240 1950 2262 to-

1054 2285 1065 2294 ‘*
1078 2284 1136 2305 tum
1150 2299 1161 2309 „
1174 2282 1356 2311 (Chr.par112.,
1371 2282 1437 2306 ediz.
1453 2282 1580 2310 Bonazzi,
1597 2290 1620 2314 p.
1639 2287 1678 2310 12,
1692 2281 1719 2304 ll.
1734 2280 1800 2313 3-5).
1816 2282 1853 2305 Le
1869 2282 1948 2305 Cron.

1053 2324 1101 2347 bol.
1122 2323 1151 2347 in
1173 2324 1236 2347 RH.
1257 2324 1297 2347 ll.
1319 2324 1378 2351 SS..
1399 2323 1498 2352 XVIII,
1520 2323 1567 2346 261
1597 2323 1742 2355 precisano
1769 2323 1820 2347 che
1850 2322 1948 2346 l'asse-

1054 2365 1100 2389 dio
1127 2365 1170 2389 dei
1198 2365 1249 2389 due
1274 2365 1379 2389 castelli
1407 2364 1477 2388 duro
1505 2365 1575 2388 dalla.
1605 2364 1701 2396 vigilia
1728 2364 1756 2387 di
1776 2371 1825 2388 san
1853 2364 1948 2388 Pietro

1053 2406 1098 2436 (28
1116 2406 1232 2438 giugno)
1251 2406 1305 2430 alla
1324 2406 1467 2430 Madonna
1488 2406 1515 2429 di
1537 2413 1625 2429 mezzo
1645 2406 1744 2437 agosto
1765 2405 1807 2435 (15
1838 2406 1947 2437 agostob

1052 2455 1066 2471 e
1085 2448 1136 2472 che
1156 2448 1257 2471 turono
1279 2448 1351 2480 presi
1371 2448 1383 2460 ¹⁴
1397 2455 1451 2471 con
1471 2447 1555 2471 tuoco
1577 2446 1712 2479 impercio
1726 2447 1777 2470 che
1792 2454 1848 2470 non
1862 2453 1947 2470 erano

1053 2490 1066 2502 “
1077 2489 1212 2513 cerchiati
1232 2489 1283 2512 che
1303 2489 1454 2513 solamente
1474 2489 1502 2512 di
1517 2488 1659 2519 palancati
1674 2497 1700 2516 „z
1716 2495 1760 2512 ma
1779 2488 1805 2512 la
1825 2495 1903 2520 presa
1919 2488 1946 2511 di

1052 2531 1198 2554 Piumazzo
1218 2529 1232 2554 ὲ
1251 2530 1409 2562 anticipata
1421 2530 1447 2554 al
1461 2530 1545 2561 luglio
1565 2530 1599 2553 da
1619 2529 1652 2553 R.
1672 2536 1710 2552 DA
1727 2529 1945 2553 SANGERMlmo:

1053 2573 1179 2596 “Eodem
1200 2579 1292 2597 mense
1313 2572 1380 2595 iulio
1395 2572 1546 2604 imperator
1565 2579 1629 2595 cum
1643 2577 1693 2595 suo
1715 2571 1857 2595 fortunato
1873 2578 1947 2594 exer-

1053 2615 1133 2639 “citu
1152 2615 1227 2646 cepit
1247 2614 1276 2637 in
1296 2614 1458 2646 episcopatu
1474 2612 1648 2636 Bononiensi
1668 2614 1790 2636 castrum
1806 2612 1945 2644 quoddam

1052 2656 1192 2680 “fossatis
1206 2657 1233 2679 et
1252 2656 1331 2686 aquis
1344 2655 1492 2684 munitum,
1506 2654 1579 2686 qnod
1594 2654 1767 2678 Plumacium
1783 2654 1945 2682 vocabatur,

1052 2697 1150 2729 “quod
1169 2698 1258 2721 totum
1280 2697 1342 2728 igne
1355 2697 1508 2720 crematum
1527 2697 1583 2725 est3
1602 2696 1628 2719 et
1642 2702 1724 2726 quam
1739 2696 1830 2727 plures
1849 2702 1945 2719 eorum

1052 2738 1064 2751 “
1077 2740 1125 2771 qui
1145 2739 1220 2762 intus
1241 2739 1375 2762 steterant
1393 2737 1531 2761 cremavit
1551 2737 1635 2768 ignis,
1655 2738 1682 2760 et
1702 2736 1759 2761 t'ere
1777 2737 1945 2768 quingentos

1053 2781 1123 2812 “qui
1143 2781 1289 2804 evaserunt
1309 2779 1383 2810 ignis
1404 2778 1565 2802 incendium
1586 2778 1740 2810 imperator
1760 2778 1837 2801 duxit
1855 2778 1945 2809 capti-

1051 2830 1126 2852 vos„
1148 2822 1220 2852 (Chr.
1241 2822 1270 2844 in
1290 2821 1331 2844 M.
1356 2821 1398 2849 G„
1418 2820 1491 2848 XIX,
1511 2819 1588 2850 378):
1610 2820 1654 2843 tra
1674 2820 1683 2842 i
1707 2820 1779 2852 presi
1799 2819 1945 2843 dovettero

1046 2871 1132 2888 essere
1151 2865 1192 2888 tre
1204 2862 1348 2894 bolognesi
1363 2862 1499 2886 ricordati
1514 2861 1558 2885 dal
1573 2860 1759 2885 CANTmuLm
1779 2861 1863 2889 (clm,
1875 2860 1944 2884 ediz·

1050 2906 1183 2929 Torraca.
1205 2913 1230 2937 p.
1245 2911 1269 2936 3,
1290 2904 1306 2926 l.
1327 2903 1370 2933 26)
1389 2903 1441 2927 che
1459 2910 1545 2927 erano
1559 2903 1626 2926 stati
1647 2902 1720 2934 posti
1742 2903 1754 2915 “
1767 2909 1817 2934 pro
1836 2902 1944 2934 capita-

1050 2947 1108 2971 neis
1128 2946 1197 2970 dicti
1217 2945 1304 2969 castri
1316 2962 1337 2975 ,‚.
1375 2944 1458 2975 Dagli
1478 2944 1531 2968 atti
1551 2944 1691 2976 imperiali
1712 2943 1811 2967 risulta
1824 2943 1875 2967 che
1894 2943 1943 2966 Fe-

1050 2988 1145 3012 derico
1172 2988 1273 3011 rimase
1290 2994 1307 3011 a
1325 2993 1426 3018 campo
1451 2987 1552 3010 contro
1574 2985 1718 3009 Piumazzo
1741 2985 1783 3008 sin
1806 2992 1885 3008 verso
1904 2984 1942 3016 gli

1978 1660 2010 1686 45

1979 1866 2011 1892 50

1977 2073 2008 2099 55

1976 2277 2011 2302 60

1973 2700 2008 2726 ’10

2022 597 2111 621 c.13b
