2370 3603
160 237 213 273 [A.
234 236 324 270 1347]
767 229 1032 265 IOHANNIS
1060 231 1129 265 DE
1157 227 1380 264 BAZANO
1912 224 1982 259 139

154 299 1828 315 ..ananan-nu·--u-nunu-...-uu...unusqu-nun...--.-·-...n...n-..n--...-·.···-··---......................uuunuuunnumnn·nnn---n-...n---mn-unr=
1831 299 1882 306 ======
1886 297 1975 305 :vna-«-

159 358 172 371 ⁴
186 365 262 395 que,
286 354 481 385 auctoritati
502 360 535 385 et
559 352 795 394 iu[ris]dicioni
820 358 956 384 sanctae
982 353 1161 384 Romanae
1187 351 1364 382 Ecclesiae
1383 356 1415 380 et
1433 349 1561 381 domini
1579 348 1683 380 nostri
1709 346 1834 389 Papae'
1849 352 1883 378 et
1898 345 1985 377 sacri

160 410 174 423 ⁶⁶
187 406 334 448 Collegii
352 407 385 437 in
401 406 493 437 nullo
507 406 686 446 [volumus]
703 406 871 448 derogari,
886 406 968 446 quin
982 405 1050 436 imo
1065 405 1220 435 volumus
1236 405 1280 435 ad
1297 408 1539 445 augumentum
1558 408 1590 433 et
1607 403 1773 432 honorem
1791 399 1986 431 eorumdem

159 461 172 476 ‘⁴
186 470 318 501 semper
341 465 436 490 actus
458 466 591 490 nostros
614 459 762 500 dirigere
781 465 825 492 et.
842 465 878 489 ut
895 465 1056 494 tenemur,
1075 458 1150 498 [per
1166 457 1290 497 omnia]
1308 457 1442 487 imitari.
1488 455 1666 486 Indicione
1683 465 1727 484 xv
1743 452 1866 484 mensis
1882 461 1987 493 augu-

157 514 172 529 “
183 511 224 543 sti
248 512 303 543 die
327 512 434 553 primo
457 511 631 552 publicata
648 511 786 542 fuerunt
802 511 979 551 praedicta
1002 511 1130 551 [coram
1148 510 1306 541 Romano
1324 508 1451 550 populo
1470 514 1503 538 et
1519 506 1709 549 approbata
1725 516 1787 547 per
1802 505 1910 546 ipsum
1927 514 1988 544 po-

111 564 129 594 5
159 567 172 581 “
186 565 302 605 pulum
326 564 538 604 existentem]
556 564 589 594 in
613 564 745 604 palacio
763 564 817 594 vel
834 564 947 604 platea
963 563 1131 594 ecclesiae.
1149 561 1399 598 Lateranensis‚
1418 559 1651 601 praesentibus
1668 558 1832 600 [domino]
1849 556 1987 588 Vicario

159 619 173 634 ‘⁴
188 617 316 649 domini
333 614 447 657 Papae
464 617 484 654 ¹,
502 617 640 648 domino
657 616 764 648 Paulo
781 617 843 647 Del
862 617 983 653 Come,
1003 617 1140 647 domino
1159 614 1350 647 Gotofredo
1368 614 1481 650 Scoto‚
1500 614 1604 644 fratre
1623 612 1748 644 Iacobo
1765 615 1989 653 praeceptore

159 671 173 686 ‘⁴
187 670 303 702 Sancti
320 669 475 710 Spiritus,
493 669 598 700 fratre
617 669 767 711 Ugolino
791 669 922 700 ordinis
938 669 1224 709 praedicatorum.
1251 667 1390 698 domino
1407 667 1435 698 F
1438 665 1592 696 rancisco
1609 665 1652 696 de
1670 664 1822 701 Veletro,
1851 662 1989 694 domino

159 721 318 764 “Angelo
343 722 386 753 de
411 722 548 758 Tibure,
574 723 712 753 domino
737 722 853 753 Mateo
878 723 920 753 de
952 722 1062 753 Reate
1080 719 1261 757 iudicibus,
1285 720 1388 750 Petro
1413 718 1538 750 Donati
1562 717 1713 750 Granelli
1737 723 1770 748 et
1794 715 1900 748 Paulo
1928 715 1989 746 do-

158 777 171 792 “
185 775 266 806 mini
289 773 415 816 Angeli
441 775 483 805 de
507 774 651 805 Fuschis
664 774 676 792 ²
691 799 719 811 „.

91 872 128 902 10
262 870 363 902 Dicto
380 876 535 911 tempore
554 870 608 902 die
626 871 760 901 veneris
777 871 823 913 vij
841 870 1043 911 septembris
1059 876 1210 911 tempore
1229 868 1338 900 noctis
1362 868 1518 900 dominus
1534 866 1765 898 Bernardinus
1782 865 1868 896 filius
1883 874 1992 906 quon-

154 925 231 955 dam
256 923 386 955 domini
411 923 537 954 Ostasii
563 924 605 954 de
630 923 776 955 Polenta
799 925 923 955 fratres
946 934 1024 954 suos
1048 923 1220 954 dominum
1246 921 1451 953 Pandulfum
1477 927 1510 951 et
1533 919 1752 951 Lambertum
1770 917 1993 959 personaliter

151 977 305 1012 retinuit;
324 976 422 1017 [quos
440 976 607 1017 dominos]
625 976 782 1007 dominus
799 975 981 1007 Malatesta
999 976 1041 1006 de
1059 975 1251 1006 Malatestis
1268 974 1390 1015 [pater]
1413 972 1553 1013 uxor[is]
1578 972 1663 1004 dicti
1688 971 1819 1004 domini
1844 969 1992 1001 Bernar-

153 1029 226 1060 dini
249 1035 349 1060 antea
365 1028 544 1060 reduxerat
562 1029 605 1060 ad
622 1029 842 1060 concordiam
861 1029 904 1060 de
923 1028 1104 1065 discordia,
1122 1039 1210 1069 quae
1229 1032 1302 1058 erat
1319 1027 1410 1058 inter
1424 1035 1493 1063 eos,
1511 1025 1603 1067 quod
1619 1024 1818 1066 praedictus
1835 1022 1993 1054 dominus

156 1081 348 1113 Pandulfus
372 1087 406 1113 et
428 1081 629 1113 Lambertus
652 1082 761 1122 ipsum
786 1082 961 1112 dominum
993 1080 1244 1112 Bernardinum
1276 1086 1376 1111 antea
1407 1079 1625 1110 detinuerant
1657 1077 1714 1118 [et]
1744 1076 1859 1108 medio
1891 1074 1992 1106 simili

94 1135 129 1164 13
156 1135 393 1165 relaxaverant
416 1144 492 1165 eum
515 1145 576 1175 per
600 1135 890 1175 composicionem
914 1135 1004 1165 inter
1027 1143 1083 1164 eos
1107 1134 1234 1165 factam
1259 1138 1407 1164 tractatu
1431 1132 1514 1163 dicti
1532 1131 1661 1162 domini
1676 1129 1890 1165 Malatestae,
1908 1137 1993 1169 quos

154 1193 224 1218 tres
241 1197 359 1218 omnes
375 1187 513 1218 militari
531 1187 668 1230 cingulo
693 1187 870 1218 decoravit
882 1186 904 1218 ³.
950 1187 1053 1218 Dicto
1071 1193 1224 1227 tempore
1243 1185 1379 1227 quidam
1396 1185 1551 1216 medicus
1568 1193 1694 1214 caecus
1708 1188 1851 1224 utroque
1867 1181 1992 1212 lumine

156 1239 332 1272 oculorum
356 1250 399 1270 ex
421 1240 619 1283 longinquis
642 1239 796 1281 partibus
820 1239 1012 1271 Bononiam
1039 1239 1194 1276 accessit,
1219 1239 1278 1280 qui
1302 1238 1418 1268 urinas
1441 1247 1660 1278 personarum
1678 1234 1891 1267 solummodo
1908 1233 1994 1265 odo-

155 1293 263 1324 rando
281 1293 349 1333 [de]
366 1293 516 1334 ipsorum
533 1293 786 1324 infirmitatibus
802 1292 980 1324 iudicabat
993 1299 1026 1324 et
1040 1293 1087 1324 ibi
1103 1293 1236 1333 aliquos
1253 1292 1326 1323 dies
1342 1291 1474 1322 mansit.
1506 1290 1607 1321 Dicto
1623 1289 1802 1320 millesimo
1819 1287 1873 1319 die
1885 1286 1996 1318 sabati

156 1347 188 1388 vj
215 1346 366 1377 octobris
383 1345 579 1377 Ludovicus
604 1346 672 1377 dux
694 1346 869 1383 Bavariae,
886 1346 923 1376 in
939 1346 1181 1387 Imperatorem
1200 1346 1329 1376 electus
1344 1344 1411 1374 iam
1435 1349 1513 1374 sunt
1529 1353 1607 1374 xxx.
1624 1341 1704 1373 anni
1721 1341 1776 1373 vel
1792 1340 1885 1372 circa
1902 1345 1935 1370 et
1951 1340 1994 1371 de

92 1400 132 1428 20
156 1398 311 1430 omnibus
335 1398 444 1429 tribus
469 1399 604 1429 coronis
628 1405 810 1430 coronatus
822 1398 843 1436 ⁴,
862 1399 906 1431 de
922 1399 988 1430 hoc
1006 1398 1122 1430 seculo
1148 1397 1410 1439 transmigravit,
1435 1395 1534 1438 'quia
1552 1396 1631 1427 dum
1651 1401 1737 1426 esset
1754 1395 1786 1425 in
1804 1393 1994 1424 venacione
2071 1407 2088 1421 ιτ.
2107 1405 2131 1423 71

156 1451 190 1481 in
215 1451 362 1492 quodam
389 1462 527 1483 nemore
553 1451 691 1492 quidam
717 1452 880 1483 maximus
903 1462 1011 1489 ursus,
1036 1461 1136 1493 quem
1160 1450 1389 1492 sequebantur
1413 1455 1593 1481 venatores
1618 1449 1674 1489 qui
1703 1458 1779 1478 cum
1813 1457 1853 1478 eo
1886 1451 1993 1482 erant,

157 1503 312 1535 obviavit
335 1504 378 1541 ei,
403 1515 469 1545 qua
494 1505 537 1535 de
563 1515 665 1535 causa
689 1505 885 1542 destrerius,
909 1505 944 1536 in
969 1514 1037 1546 quo
1061 1503 1245 1541 residebat,
1270 1503 1390 1534 timore
1414 1502 1614 1543 perterritus
1630 1512 1665 1532 se
1683 1501 1789 1532 erexit
1807 1500 1905 1531 etsie
1923 1508 1996 1529 ere-

156 1562 231 1587 ctus
253 1555 365 1587 statim
391 1556 517 1588 cecidit
540 1556 667 1598 [su]per
690 1557 800 1598 ipsum
826 1558 1070 1598 Imperatorem
1095 1557 1129 1587 in
1154 1563 1278 1588 terram
1296 1556 1354 1596 [et]
1372 1564 1532 1596 percusso
1548 1554 1659 1595 capite
1676 1553 1759 1585 dicti
1777 1551 1996 1594 Imperatoris

156 1620 176 1640 a
201 1609 315 1650 capite
339 1609 496 1641 destrerii
513 1609 616 1640 vitam
631 1610 749 1641 finivit.
796 1610 899 1641 Dicto
923 1610 1098 1641 millesimo
1116 1608 1245 1650 [Mccc]
1261 1608 1398 1651 xxxxvij
1418 1608 1460 1639 de
1476 1607 1650 1639 mensibus
1666 1605 1860 1638 novembris
1884 1610 1917 1636 et
1935 1605 1996 1636 de-

93 1661 133 1693 25
160 1661 309 1694 cembris
324 1662 576 1694 ambaxiatores
591 1662 737 1694 Tribuni
754 1663 858 1695 Urbis
872 1663 882 1678 ⁵
907 1663 1095 1694 transmissi
1112 1663 1249 1694 fuerunt
1266 1673 1327 1703 per
1343 1667 1448 1692 totam
1465 1661 1596 1692 Italiam
1614 1660 1823 1701 requirentes
1839 1657 1996 1690 dominos

158 1719 192 1745 et
215 1714 373 1746 comunia
397 1714 572 1746 civitatum
605 1721 642 1746 ut
672 1715 715 1746 ad
739 1716 863 1746 festum
888 1716 997 1747 sancti
1022 1715 1183 1746 Iohannis
1206 1713 1398 1756 Baptistae'
1424 1713 1570 1755 proximi
1595 1712 1763 1753 speciales
1779 1717 1813 1743 et
1829 1710 1997 1742 solemnes

159 1767 407 1798 ambaxiatores
420 1768 632 1799 destinarent
648 1769 693 1799 ad
710 1768 839 1800 Urbem
857 1769 901 1800 ad
917 1768 1169 1809 providendum
1186 1768 1228 1799 de
1245 1777 1334 1799 novo
1348 1768 1557 1808 Imperatore
1574 1766 1807 1797 Romanorum
1824 1762 1996 1806 eligend0‚

159 1826 346 1851 asserentes
371 1820 414 1852 ab
438 1821 579 1862 antiquo
603 1821 710 1862 ipsam
734 1821 926 1853 elecionem
950 1822 1116 1852 Romanis
1139 1826 1172 1852 et
1195 1820 1323 1852 Italicis
1347 1820 1450 1862 pleno
1474 1820 1545 1850 iure
1569 1823 1737 1860 spectare,
1761 1828 1801 1849 ac
1827 1817 1935 1848 eciam
1951 1815 1996 1847 ad

249 1963 273 1980 2·
286 1957 376 1989 nullo]
391 1958 467 1983 mille
480 1959 513 1982 A.
526 1971 538 1977 -
551 1959 680 1983 volumus
700 1959 752 1983 BP.
773 1972 784 1978 ·
803 1959 932 1991 derogari
952 1959 1018 1987 BP.3
1041 1960 1170 1990 derogati
1189 1959 1234 1987 Ac,
1256 1958 1423 1990 derogantes
1436 1957 1523 1987 Mum,
1539 1958 1583 1981 Cr.
1599 1970 1630 1973 —-
1645 1964 1669 1989 3.
1683 1963 1731 1988 per
1744 1957 1840 1980 omnia
1853 1955 1909 1979 BP.
1922 1967 1932 1972 -
1946 1953 1995 1985 xv]

163 2000 217 2024 cosi
237 2001 305 2031 BP.3
329 2003 403 2026 sesta
427 2003 470 2031 A.⁷
496 2004 582 2033 Mun„
611 2004 656 2028 Cr.
678 2017 706 2020 —-
728 2012 752 2034 4.
771 2003 885 2028 fuerunt
905 2004 973 2033 BP.·,
992 2002 1047 2027 fuit
1066 2004 1109 2031 A„
1129 2003 1217 2032 Mum,
1240 2002 1283 2026 Cr.
1308 2016 1335 2019 —
1359 2008 1414 2032 4-5.
1433 2009 1590 2026 coram....
1609 2001 1775 2025 existentem
1796 2000 1849 2024 BP.
1870 2013 1901 2016 -
1922 2003 1948 2028 5.
1966 1999 1996 2022 ln

162 2045 273 2076 palacio
292 2053 343 2070 non
362 2046 375 2069 ὲ
393 2047 422 2071 in
447 2047 500 2071 BP.
526 2060 536 2065 -
563 2049 679 2072 domino
699 2048 752 2072 BP.
772 2061 805 2065 -
825 2048 849 2071 6.
870 2047 922 2072 Del
941 2047 1034 2072 Conte
1055 2047 1124 2073 BR:
1145 2047 1178 2071 de
1198 2046 1273 2070 dieta
1292 2046 1409 2070 civitate
1427 2046 1469 2076 A.‚
1490 2045 1576 2075 Mum,
1598 2046 1642 2069 Cr.
1656 2057 1666 2062 -
1680 2044 1828 2069 Gottfrido
1847 2043 1901 2067 BP.
1921 2055 1952 2059 -
1973 2041 1996 2064 8.

163 2088 278 2120 Tibure]
301 2091 354 2114 cosi
374 2091 436 2121 BP„
456 2092 550 2117 Mum:
571 2093 702 2117 Triburie
720 2093 765 2120 A„
786 2093 831 2117 Cr.
852 2105 862 2109 -
886 2092 975 2116 iudice
995 2093 1049 2116 BP.
1068 2105 1100 2109 -—
1120 2099 1144 2123 9.
1165 2091 1257 2115 Fustis
1271 2091 1324 2114 BP.
1339 2103 1371 2107 -
1388 2096 1428 2115 12.
1447 2097 1517 2121 quos
1530 2090 1664 2114 dominos
1676 2096 1689 2112 e
1701 2090 1783 2120 pater
1795 2095 1843 2113 om.
1856 2088 1896 2115 A„
1911 2088 1998 2115 Mum,

117 2138 130 2163 5
162 2133 206 2156 Cr.
221 2145 231 2151 -
244 2134 402 2160 Malatestis
423 2137 451 2159 et
469 2143 541 2160 uxor
554 2137 646 2165 Mur<.;
662 2137 819 2161 Malatestis
839 2143 910 2160 uxor
930 2137 976 2160 Cr.
996 2149 1029 2153 —
1051 2143 1091 2168 13.
1110 2135 1256 2159 reduxerat
1277 2135 1340 2158 illos
1353 2135 1388 2158 ad
1403 2135 1480 2158 Mun.
1494 2145 1526 2150 —-
1542 2140 1583 2165 14.
1597 2133 1757 2157 detinuerat
1775 2132 1805 2155 A.
1826 2145 1836 2150 -
1855 2133 1883 2155 et
1901 2131 2000 2155 avanti

164 2186 180 2201 a
200 2177 292 2201 medio
318 2186 385 2210 agg.
412 2179 488 2204 Mun.
510 2193 541 2196 —
566 2187 604 2211 15.
624 2181 822 2205 relaxaverunt
846 2181 878 2204 Α.
900 2194 930 2197 —
954 2180 992 2205 18.
1017 2180 1050 2204 de
1076 2187 1142 2211 agg.
1168 2180 1244 2203 Mun.
1265 2191 1275 2196 -
1295 2180 1418 2210 ipsarum
1445 2179 1532 2206 Mum,
1561 2179 1605 2202 Cr.
1627 2189 1636 2194 -
1657 2177 1766 2208 aliquot
1790 2178 1878 2205 Mun„
1901 2176 1944 2200 Cr.
1965 2189 1997 2192 —

165 2227 206 2252 23.
226 2229 275 2253 per
294 2223 372 2246 anche
384 2224 444 2252 Cra,
459 2231 521 2247 cum
535 2224 613 2248 MUR.
627 2237 638 2242 -
652 2225 713 2259 ipso
727 2224 896 2255 imperatore
910 2225 988 2249 Mun.
1002 2237 1012 2242 -
1027 2227 1054 2247 et
1073 2232 1120 2248 om.
1140 2224 1181 2251 A„
1202 2223 1288 2251 Mun„
1311 2224 1356 2246 Cr.
1376 2235 1386 2240 -
1406 2230 1523 2254 percuso
1543 2221 1621 2246 dicto
1640 2222 1731 2253 capite
1750 2220 1930 2252 Imperatoris
1950 2219 1996 2248 A.;

166 2272 294 2297 percusso
314 2268 408 2299 capite
425 2267 607 2300 Imperatoris
622 2268 708 2294 MUR..
727 2270 772 2292 Cr.
788 2281 819 2285 -—-
836 2275 876 2299 ²4·
891 2270 919 2292 et
932 2270 1019 2292 vitam
1040 2269 1127 2298 Mun„
1143 2269 1202 2295 Cr.;
1223 2267 1298 2291 Mun.
1315 2268 1419 2297 collega
1439 2266 1531 2290 finivit
1543 2273 1590 2289 con
1603 2266 1750 2296 ilseguente
1763 2265 1839 2289 dicto
1850 2264 1998 2288 millesimo

165 2311 353 2341 trasportando
366 2311 390 2334 il
395 2315 478 2342 punto
491 2313 576 2340 fermo
590 2312 656 2342 dopo
670 2311 848 2343 quest’ultima
859 2313 955 2343 petrola
971 2326 1001 2329 —
1018 2319 1059 2343 24,
1073 2310 1301 2342 M.cccxxxxv1J]
1313 2318 1361 2335 om.
1382 2311 1467 2339 Mun„
1483 2311 1526 2335 Cr.
1549 2323 1580 2326 —
1596 2308 1637 2333 28.
1651 2310 1804 2333 asserentes
1823 2315 1892 2332 corr.
1905 2308 1999 2335 Mun-2

104 2359 136 2377 1ο
165 2356 336 2385 aspectantes
355 2355 397 2385 A,
419 2356 464 2380 Cr.

2063 361 2082 373 ι,’.
2100 359 2125 377 7⁴
2137 361 2150 373 a

2049 1714 2120 1735 Mun..
2139 1716 2151 1731 fi
2170 1720 2175 1732 1

106 2601 134 2626 1⁵

107 2811 139 2828 20

252 2423 261 2441 ¹
271 2426 326 2450 Era
337 2428 366 2450 in
381 2426 472 2451 Roma
486 2435 538 2451 con
553 2428 641 2451 titolo
655 2428 683 2450 di
700 2428 810 2451 vicario
822 2428 968 2459 pontificio
983 2428 1053 2452 frate

163 2468 324 2492 Raimondo
344 2476 466 2493 vescovo
485 2470 514 2493 di
534 2469 662 2494 Orvieto.

251 2508 263 2525 ²
281 2511 324 2535 Ha
346 2511 404 2534 “de
423 2512 543 2540 Fuscis„
566 2512 655 2536 anche
675 2512 694 2535 il
724 2513 784 2535 Chr.
812 2513 878 2537 Est..
905 2519 964 2543 440.
1001 2512 1053 2535 Del

165 2555 239 2577 resto
264 2553 353 2577 anche
379 2560 427 2584 per
453 2553 520 2577 altri
552 2555 629 2577 nomi
652 2554 695 2577 dei
729 2554 876 2577 testimoni
897 2555 1015 2578 variano
1045 2554 1054 2577 i

165 2595 270 2619 diversi
288 2596 355 2618 testi
375 2595 574 2627 dell‘epistola.

252 2635 262 2651 ³
281 2637 305 2660 Il
324 2640 422 2661 nostro
443 2639 567 2661 cronista
588 2639 676 2661 omise
697 2638 722 2660 la
738 2639 902 2661 narrazione
916 2638 989 2662 della
1001 2641 1056 2662 cat-

166 2681 228 2702 tura
239 2679 269 2703 di
283 2679 460 2703 Bel-nardino
473 2679 498 2703 ΙΙ
513 2679 547 2702 da
566 2679 694 2709 Polenta,
709 2682 824 2711 operata
837 2680 880 2702 nel
896 2680 1012 2703 castello
1027 2680 1053 2703 di

167 2719 268 2746 Cervia
282 2721 327 2744 dai
344 2721 450 2745 fratelli
464 2721 493 2744 di
508 2721 547 2744 lui
559 2720 700 2744 Pandolfo
713 2728 727 2744 e
740 2720 889 2745 Lamberto
904 2722 925 2744 il
939 2728 953 2752 3
968 2722 1057 2752 aprile

169 2768 233 2793 1347
249 2763 296 2792 (cf.
312 2764 411 2792 Corpus
421 2764 506 2786 chron.
521 2764 583 2791 bon..
595 2762 630 2792 11,
642 2762 687 2794 561
703 2770 716 2785 e
733 2764 824 2786 Clu-on,
837 2764 905 2792 Est„
915 2762 1056 2795 433-434):

167 2807 299 2828 racconta
310 2805 371 2828 solo
381 2805 408 2828 la
417 2807 553 2828 rivincita
563 2806 614 2828 che
625 2806 647 2827 si
658 2812 735 2835 prese
745 2797 926 2833 Bernardino,
939 2806 959 2828 il
968 2806 1056 2836 quale.

170 2846 289 2869 liberato
310 2846 330 2869 il
355 2853 383 2876 14
403 2847 520 2878 giugno,
543 2847 599 2869 fece
618 2846 643 2869 le
664 2847 726 2877 paci
746 2848 790 2869 coi
814 2847 928 2871 fratelli,
949 2854 992 2870 ma
1010 2848 1058 2878 poi

170 2888 189 2911 il
212 2894 226 2918 7
246 2888 394 2911 settembre
414 2888 435 2911 li
455 2888 513 2911 fece
534 2888 667 2919 prendere
688 2897 701 2910 c
722 2890 826 2912 morire
845 2890 959 2919 (Corpus
972 2890 1056 2912 chron.

168 2930 232 2957 bom,
250 2929 285 2958 11,
306 2928 356 2960 566
374 2936 388 2952 e
410 2931 501 2953 Chron.
521 2931 584 2957 Est.,
604 2928 738 2961 437-438).
771 2930 793 2953 Il
808 2930 956 2954 Malatesta
971 2931 1056 2954 inter-

169 2971 306 2995 mediario
326 2971 399 2994 della
419 2971 628 3003 pacificazione‚
648 2972 863 2996 nell'occasione
883 2972 956 2995 della
975 2972 1056 3002 quale

1109 2430 1114 2451 i
1137 2431 1179 2451 tre
1201 2427 1307 2451 fratelli
1329 2427 1432 2450 surono
1450 2427 1552 2450 armati
1572 2426 1716 2453 cavalieri,
1735 2432 1781 2448 era
1800 2424 1949 2448 Malatesta
1974 2423 1998 2446 11

1108 2471 1185 2493 detto
1205 2468 1452 2500 Guastafamiglia,
1472 2475 1590 2491 suocero
1610 2468 1637 2490 di
1658 2467 1843 2490 Bernardino.

1196 2510 1207 2525 ⁴
1228 2511 1376 2534 Ludovico
1398 2510 1420 2533 il
1445 2510 1563 2537 Bavaro,
1590 2512 1726 2533 coronato
1753 2515 1782 2532 re
1807 2509 1850 2532 dei
1876 2507 1997 2531 Romani

1110 2554 1154 2577 nel
1178 2560 1252 2584 1314.
1272 2544 1390 2576 d‘Italia
1413 2552 1456 2575 nel
1481 2550 1545 2582 1328
1559 2559 1573 2574 e
1590 2553 1757 2582 imperatore
1772 2551 1816 2574 nel
1834 2556 1908 2582 1327,
1919 2548 1999 2577 mori,

1109 2595 1231 2619 secondo
1251 2595 1322 2618 altre
1344 2594 1426 2623 sonti,
1450 2593 1499 2616 1⁷11
1518 2594 1629 2616 ottobre
1647 2599 1720 2624 1347,

1198 2635 1208 2651 5
1223 2635 1321 2663 Questi
1338 2636 1535 2659 ambasciatori
1549 2636 1577 2658 di
1593 2634 1665 2658 Cola
1680 2635 1782 2658 surono
1794 2634 1882 2658 Paolo
1896 2634 1998 2658 Vaiani
2032 2641 2040 2648 ¹

1111 2678 1248 2703 cavaliere
1267 2686 1281 2701 e
1301 2678 1442 2700 Bernardo
1465 2677 1579 2700 Bossoli
1601 2677 1814 2708 giureconsulto
1833 2682 2000 2703 cremonese,

1111 2720 1212 2744 inviati
1235 2720 1261 2743 al
1283 2726 1398 2742 vomune
1419 2719 1448 2741 di
1468 2718 1584 2742 Firenze
1603 2725 1656 2742 con
1675 2716 1702 2742 la
1715 2718 1955 2743 commendatizia.
1969 2718 1998 2740 in

1111 2763 1175 2786 data
1196 2762 1240 2785 dcl
1263 2768 1294 2788 10
1315 2762 1460 2784 settembre
1481 2760 1590 2791 (Epist.‚
1608 2760 1656 2789 111,
1673 2760 1810 2792 152-157l:
1831 2767 1868 2783 un
1882 2762 2000 2783 estratto

1111 2805 1182 2828 della
1205 2805 1303 2828 lettera
1322 2802 1335 2827 'c
1354 2804 1441 2827 anche
1463 2804 1536 2827 nelle
1552 2804 1645 2827 fictoris
1655 2804 1783 2833 pistorem·
1801 2806 1906 2834 (nuova
1920 2802 2000 2830 ediz..

1114 2848 1142 2870 in
1171 2848 1234 2870 RR.
1259 2847 1294 2868 ll.
1317 2847 1374 2874 532,
1395 2845 1440 2874 XI,
1463 2848 1540 2876 parte
1561 2846 1592 2874 Υ,
1614 2852 1639 2876 p.
1661 2844 1719 2874 228,
1741 2846 1757 2868 l.
1777 2845 1839 2877 319)
1859 2853 1872 2868 e
1892 2845 1919 2868 la
1939 2845 2000 2868 loro

1113 2889 1255 2911 missione.
1284 2887 1356 2910 oltre
1385 2887 1434 2910 che
1461 2887 1535 2910 nella
1562 2890 1666 2915 nostra,
1694 2885 1708 2910 'e
1737 2889 1889 2910 accennata
1913 2886 2000 2910 anche

1113 2931 1187 2953 nella
1204 2932 1321 2953 (Dromuta
1344 2931 1438 2952 §caeso
1452 2930 1527 2959 (RH.
1547 2930 1583 2952 ΙΙ.
1599 2930 1658 2958 SS„
1672 2928 1731 2955 XV,
1745 2930 1804 2960 119)
1818 2936 1832 2952 e
1847 2928 1890 2951 nel
1908 2929 2000 2951 Chron.

1112 2973 1178 3002 Est„
1199 2978 1258 3002 443,
1279 2978 1331 2994 ove
1352 2969 1365 2994 ὲ
1386 2971 1464 2994 detto
1484 2971 1532 2994 che
1559 2971 1660 2994 furono
1681 2978 1696 2994 a
1716 2971 1830 2994 Ferrara
1850 2971 1871 2993 il
1902 2977 1930 3001 ¹9
1950 2977 2001 2993 no-

2030 2852 2060 2877 35
