2318 3603
162 839 250 860 nu!-

156 1415 230 1435 Μυκη
246 1420 282 1437 027

156 1634 243 1653 moja

286 2277 317 2294 10

287 2775 319 2792 20

286 2986 317 3012 25

935 233 964 266 C
968 233 1043 266 HR
1049 231 1254 266 ONICON
1284 232 1595 267 MUTINENSE

356 308 375 313 -
377 306 2174 315 ......................................................................................................................................................................................................

2014 234 2063 268 ιΑ.
2086 237 2179 270 13571

345 364 422 386 suos
447 355 571 386 direxit
594 366 669 386 cum
695 355 849 386 exercitu
865 365 925 386 suo
942 355 1058 396 ibique
1076 355 1257 392 frumenta,
1275 354 1392 386 blavas
1409 361 1442 386 et
1459 355 1573 387 omnia
1589 354 1808 386 destruendo.
1856 353 1980 385 Postea
1997 353 2052 386 die
2069 353 2177 385 sabati

343 408 410 451 xvij
436 408 519 439 iunii
543 408 605 439 ivit
630 408 673 439 ad
689 408 802 439 villam
828 408 930 439 Rami
945 408 954 425 ¹
979 413 1012 438 et
1028 408 1056 438 F
1058 407 1133 438 redi
1151 407 1269 438 Sancti
1287 406 1472 438 salvatoris
1489 407 1657 439 districtus
1673 406 1828 438 Mutinae
1845 416 1922 437 cum
1939 406 2094 437 exercitu
2109 416 2179 442 suo,

343 460 496 491 similiter
521 460 762 501 dapnificando
780 461 858 491 loca
874 460 933 490 illa
949 460 1096 490 maxime
1121 459 1157 489 in
1180 458 1287 490 blavis
1304 459 1524 490 existentibus
1540 459 1587 491 ibi
1613 459 1899 500 circumquaque3
1925 464 1959 489 et
1983 458 2039 489 die
2063 458 2179 489 martis

342 512 432 554 xxvij
457 513 541 545 dicti
566 513 690 544 mensis
707 513 820 544 dictus
837 513 1006 544 exercitus
1028 513 1116 544 ultra
1140 512 1265 543 flumen
1289 511 1421 543 Situlae
1446 511 1479 542 in
1495 512 1576 543 villa
1593 511 1807 543 Salvaterrae
1832 510 2051 552 episcopatus
2075 510 2177 552 Regii

341 565 561 606 pertransivit
573 565 595 597 ².
643 566 687 597 Et
704 572 778 607 post
794 572 864 597 tres
879 565 934 596 vel
951 570 1094 606 quatuor
1111 564 1186 596 dies
1202 564 1306 595 rediit
1330 564 1443 595 dictus
1460 565 1630 596 exercitus
1647 564 1735 596 citra
1751 563 1877 594 flumen
1896 563 2024 595 Situlae
2042 563 2074 593 in
2101 563 2177 594 loco

341 618 398 649 ubi
415 618 539 650 dicitur
555 623 564 635 ⁴
577 630 597 649 a
614 619 644 650 le
663 618 820 661 Margaia
833 619 840 629 ’
853 618 864 633 ³
881 624 915 650 et
930 618 976 650 ibi
995 617 1115 649 diebus
1131 617 1300 658 aliquibus
1315 617 1563 658 permanendo;
1580 623 1614 648 et
1630 622 1749 658 postea
1764 616 1800 647 in
1817 615 1987 648 territorio
2005 614 2175 658 Vignolae

341 671 518 702 districtus
534 671 687 703 Mutinae
704 672 856 713 perrexit
872 670 1090 702 inimicorum
1103 669 1271 700 exercitus
1284 669 1477 700 antedictus
1489 668 1511 699 ⁴.
1558 669 1601 700 Et
1614 675 1694 701 tunc
1708 668 1877 700 exercitus
1893 668 1936 699 de
1949 667 2085 699 Mutina
2102 677 2176 698 cum

341 723 571 764 stipendiariis
593 724 663 755 suis
687 730 719 755 et
743 723 975 765 stipendiariis
992 723 1154 754 Mantuae
1172 728 1205 753 et
1222 721 1410 758 Bononiae,
1428 722 1486 762 qui
1503 727 1598 753 erant
1615 721 1709 753 circa
1734 721 1825 752 mille
1850 720 2026 763 quingenti
2043 719 2176 756 milites,

345 782 378 807 et
394 787 471 807 cum
496 777 641 818 quadam
668 787 770 808 cerna
801 777 955 818 peditum
982 776 1025 807 de
1050 775 1185 807 Mutina
1217 781 1250 806 et
1283 785 1360 805 cum
1390 784 1486 806 cccc.
1519 774 1694 815 peditibus
1724 774 1767 805 de
1799 774 1928 805 Sancto
1961 773 2112 804 Iohanne
2144 773 2177 803 in

344 829 528 862 Persexeto
546 830 718 862 districtus
735 830 920 867 Bononiae,
935 829 1004 861 'die
1022 829 1139 860 martis
1155 829 1187 870 xj
1207 827 1280 859 iulii
1296 828 1330 858 in
1346 827 1455 869 prima
1471 827 1555 858 hora
1571 827 1643 859 diei
1660 827 1898 869 equitaverunt
1914 825 2050 857 obviam
2066 825 2178 856 inimi-

349 882 414 915 cis:
432 883 519 914 inter
537 893 623 924 quos
639 883 760 923 [erant]
786 882 994 924 Capitaneus
1019 892 1161 924 guerrae
1180 881 1222 913 de
1240 880 1375 912 Mutina
1391 880 1548 912 dominus
1571 880 1745 922 Ricardus
1769 880 1813 911 de
1828 878 2038 921 Canceleriis
2061 878 2104 910 de
2122 877 2179 908 Pi-

340 935 444 967 storio
468 947 544 967 cum
570 936 702 968 duobus
719 937 805 973 filiis,
824 942 857 967 et
874 936 1030 968 dominus
1046 935 1218 967 Feltrinus
1234 935 1278 966 de
1296 934 1472 976 Gonoaga,
1490 932 1549 973 [et]
1566 933 1723 965 dominus
1738 932 1906 975 Ugolinus
1923 932 1965 964 de
1983 932 2178 974 Savignano

342 995 374 1020 et
407 988 563 1021 dominus
587 990 803 1021 Lanfrancus
834 996 867 1020 et
893 989 1067 1021 Gerardus
1092 988 1134 1019 de
1167 986 1394 1030 Rangonibus
1426 992 1460 1018 et
1492 986 1731 1018 Manfredinus
1762 986 1804 1017 de
1837 986 1985 1017 Sassolo.
2031 984 2075 1016 Et
2100 990 2177 1016 tunc

343 1041 513 1072 exercitus
536 1042 750 1074 inimicorum
768 1043 924 1074 transivit
949 1042 1072 1072 flumen
1097 1041 1280 1072 Scultenae
1304 1049 1412 1081 prope
1438 1038 1621 1081 Vignolam
1639 1038 1698 1079 [et]
1714 1038 1759 1070 ad
1783 1038 1896 1070 villam
1913 1037 2094 1070 Calcariae
2119 1036 2177 1077 [et]

339 1094 383 1125 ad
407 1099 515 1126 turres
540 1095 583 1126 de
608 1095 752 1137 Samoca
784 1095 959 1126 districtus
991 1093 1167 1125 Bononiae
1192 1093 1305 1124 dictus
1328 1091 1520 1132 [exercitus]
1551 1091 1765 1123 inimicorum
1796 1090 1977 1133 equitavit:
2003 1095 2036 1121 et
2059 1089 2174 1121 statim

342 1146 513 1178 exercitus
535 1147 690 1179 Mutinae
714 1147 869 1179 transivit
886 1148 1010 1178 flumen
1036 1145 1219 1178 Scultenae
1242 1145 1398 1176 inimicos
1422 1144 1567 1175 viriliter
1584 1144 1821 1185 persequendo
1845 1154 1950 1185 usque
1968 1143 2012 1174 ad
2029 1149 2176 1175 castrum

340 1197 507 1241 plumacii
531 1200 588 1241 [et]
606 1201 823 1241 pernoctavit
847 1200 985 1232 ibidem.
1011 1199 1114 1230 Mane
1138 1203 1252 1229 autem
1276 1198 1382 1234 facto,
1400 1197 1533 1228 iverunt
1550 1197 1593 1228 ad
1611 1196 1726 1228 villam
1749 1195 1940 1233 Calcariae,
1957 1195 2015 1227 ubi
2045 1194 2176 1226 inimici

339 1251 452 1283 adhuc
476 1253 694 1285 residentiam
720 1252 904 1290 faciebant,
922 1258 956 1284 et
972 1252 1021 1283 ibi
1044 1262 1106 1293 per
1122 1251 1263 1293 aliquod
1279 1250 1443 1292 temporis
1459 1249 1612 1291 spacium
1626 1249 1671 1281 ad
1695 1249 1839 1281 invicem
1863 1254 2112 1291 pugnaverunt,
2128 1247 2175 1278 ita

336 1305 429 1344 quod
447 1315 488 1336 ex
503 1312 646 1347 utraque
664 1312 762 1346 parte
778 1306 893 1347 plures
910 1305 1049 1337 fuerunt
1074 1303 1178 1345 capti,
1195 1303 1261 1334 viri
1279 1309 1312 1335 et
1336 1303 1424 1344 equi,
1443 1308 1476 1334 et
1492 1302 1731 1344 quamplurimi
1749 1302 1887 1333 fuerunt
1903 1301 1947 1333 ab
1963 1301 2174 1332 inimicorum

337 1357 468 1398 sagittis
491 1358 658 1390 vulnerati
685 1364 718 1390 et
741 1358 933 1390 interfecti:
958 1358 1108 1394 tandem,
1132 1357 1206 1387 Deo
1230 1355 1377 1393 volente,
1401 1361 1544 1397 utraque
1566 1365 1646 1396 pars
1669 1354 1712 1386 ab
1735 1354 1884 1386 invicem
1907 1364 1943 1385 se
1968 1353 2124 1389 retraxit:
2141 1358 2175 1384 et

341 1409 374 1440 in
399 1416 499 1441 nocte
517 1411 672 1452 sequenti
705 1410 873 1442 exercitus
903 1410 1115 1441 inimicorum
1147 1409 1207 1440 ivit
1239 1408 1283 1439 ad
1313 1408 1554 1439 monasterium
1587 1408 1733 1439 Sanctae
1763 1406 1897 1439 Mariae
1929 1407 1963 1438 in
1989 1404 2121 1438 Strata'
2145 1411 2178 1437 et

339 1463 553 1502 pernoctavit
578 1462 717 1500 ibidem,
743 1469 777 1494 et
800 1463 856 1494 die
873 1463 981 1494 sabati
998 1474 1043 1493 xv
1059 1461 1131 1492 iulii
1148 1470 1255 1502 usque
1274 1461 1317 1492 ad
1332 1466 1533 1501 sequentem
1550 1466 1687 1492 noctem
1706 1459 1891 1501 permansit
1907 1458 2047 1490 ibidem.
2065 1458 2178 1490 Nocte

339 1520 450 1546 autem
464 1515 568 1552 facta,
582 1520 723 1556 propter
738 1515 924 1547 exercitum
938 1514 1090 1546 Mutinae
1109 1520 1142 1545 et
1155 1513 1264 1545 eciam
1278 1519 1418 1554 propter
1432 1512 1668 1544 Bononienses
1681 1512 1739 1554 qui
1751 1512 1902 1553 undique
1917 1511 2178 1548 concurrebant,

337 1567 451 1598 dictus
482 1567 651 1599 exercitus
683 1567 897 1599 inimicorum
929 1576 963 1598 se
989 1566 1204 1598 clandestine
1236 1565 1409 1607 separavit
1439 1566 1553 1597 eundo
1585 1575 1703 1596 versus
1735 1565 1898 1597 Sanctum
1930 1564 2117 1596 Iohannem
2144 1564 2179 1595 in

343 1619 525 1652 Persexeto
551 1626 584 1651 et
608 1621 653 1652 ad
678 1626 824 1652 castrum
849 1620 953 1661 Carpi
978 1629 1112 1661 gressus
1129 1628 1207 1650 suos
1231 1618 1382 1651 totaliter
1415 1617 1581 1655 direxit⁵;
1606 1617 1790 1649 'exercitus
1821 1627 1903 1649 vero
1935 1616 2101 1655 Mutinae,
2132 1615 2180 1657 [et

338 1672 566 1714 dominorum]
582 1673 848 1706 Mantuanorum
866 1673 925 1714 [et]
943 1672 1129 1709 Bononiae,
1161 1672 1226 1704 hoc
1243 1681 1342 1703 mane
1360 1671 1489 1709 audito,
1514 1671 1558 1703 ad
1582 1671 1723 1713 propria
1746 1670 1939 1706 redierunt3
1954 1676 1988 1702 et
2017 1670 2052 1701 in
2084 1669 2178 1702 dicto

432 1882 455 1906 3.
474 1874 549 1899 Rani
567 1875 599 1899 A.
621 1887 653 1892 ——-
672 1881 725 1906 3-4.
746 1882 797 1899 suo
817 1873 961 1905 similiter]
982 1881 1033 1906 pro
1062 1873 1152 1897 libato
1171 1873 1216 1901 A.;
1236 1873 1391 1905 praelibato
1411 1873 1499 1903 Mna,
1521 1873 1566 1898 Cr.
1587 1887 1617 1891 —-
1639 1877 1662 1903 5.
1682 1872 1838 1897 Salvaterie
1857 1873 1890 1897 A.
1911 1885 1942 1889 -
1963 1871 1987 1896 6.
2007 1873 2073 1904 post
2093 1872 2179 1903 Mun„

346 1920 406 1945 Cr.;
429 1925 478 1949 per
492 1919 522 1942 Α.
538 1931 547 1936 -
561 1919 644 1951 eitra]
665 1919 741 1943 ultra
761 1919 803 1948 A„
823 1919 910 1948 Mum,
932 1919 976 1943 Cr.
998 1932 1028 1935 —
1051 1925 1073 1948 7.
1094 1917 1271 1941 Alemarzaia
1289 1917 1330 1946 A„
1352 1916 1412 1944 Cr.;
1433 1916 1557 1941 Marzala
1577 1917 1655 1942 Μυκ.
1675 1930 1706 1933 —-
1727 1916 1750 1941 8.
1774 1916 1925 1948 exercitus]
1952 1915 2119 1948 stipendiari
2139 1915 2179 1944 A..

341 1961 425 1989 Μυκ.,
441 1964 485 1987 Cr.
496 1972 499 1985 :
514 1970 560 1987 con
574 1967 664 1994 questa
677 1964 827 1988 conexione
839 1963 852 1985 e·
863 1962 1031 1994 giustificata
1045 1962 1073 1986 la
1087 1961 1292 1985 conservatione
1305 1960 1375 1984 delle
1382 1960 1481 1991 parole
1493 1960 1689 1993 stipendiariis
1702 1961 1761 1985 suis
1774 1961 1802 1984 et
1814 1960 1860 1983 clue
1870 1966 1981 1990 seguono
1994 1968 2006 1983 e
2019 1960 2062 1983 che
2074 1959 2152 1984 Μυκ.
2167 1966 2180 1982 e

345 2006 389 2031 Cr.
404 2007 486 2030 hanno
499 2011 636 2039 soppresse
655 2015 724 2032 come
743 2008 835 2032 inutili
854 2021 883 2023 —
905 2014 929 2038 9.
949 2007 996 2037 qui
1015 2007 1097 2030 erant
1114 2011 1184 2029 corr.
1204 2005 1292 2034 Μυκ.,
1309 2005 1367 2031 Cr.;
1382 2011 1434 2036 que
1447 2006 1506 2028 emt
1518 2004 1551 2028 A.
1567 2018 1597 2021 —
1616 2011 1655 2029 ιο.
1669 2003 1712 2028 et¹
1726 2012 1772 2028 om.
1788 2004 1865 2029 Μυκ.
1878 2016 1890 2022 -
1904 2002 2042 2035 peditum]
2057 2003 2179 2027 mimum

341 2051 382 2079 A..
398 2051 486 2081 Mum,
508 2052 568 2077 Cr.·,
590 2059 631 2075 ma
645 2052 669 2074 le
687 2058 785 2076 cernae
799 2058 880 2076 erano
901 2051 931 2074 di
944 2050 1044 2080 pedam·
1063 2058 1075 2073 c
1088 2049 1219 2080 popolari
1228 2049 1358 2072 militanti
1370 2057 1386 2072 a
1394 2048 1472 2078 piedd
1484 2061 1515 2065 —-
1533 2055 1574 2072 ιι.
1586 2048 1727 2073 Persiceto
1742 2055 1809 2073 corr.
1824 2048 1916 2076 Μυκ.;
1931 2047 2064 2079 Presepio
2077 2047 2120 2077 A„
2136 2047 2180 2072 Cr.

341 2095 387 2125 qm·
405 2103 417 2117 ε
444 2095 549 2119 altrove
569 2108 579 2113 ·
598 2102 627 2126 xJ
649 2095 693 2124 A„
720 2095 811 2121 Mum
831 2101 851 2125 ι]
875 2095 919 2120 Cr.
941 2108 972 2110 —
995 2101 1034 2117 12.
1054 2095 1133 2118 erant
1164 2099 1213 2116 om.
1232 2093 1275 2123 A„
1294 2093 1382 2121 Mun„
1413 2093 1457 2117 Cr.
1479 2104 1511 2109 -
1535 2099 1573 2123 13.
1593 2094 1620 2117 et
1639 2093 1707 2124 dopo
1727 2092 1862 2126 Goncaga
1883 2100 1951 2125 agg.
1971 2092 2058 2122 Mun„
2080 2090 2125 2116 Cr.
2147 2104 2178 2107 ——

345 2143 384 2168 15.
405 2138 548 2163 Scultenae
567 2147 634 2164 corr.
654 2140 746 2168 Μυκη,
766 2139 860 2165 Sicule
873 2139 921 2166 A.;
940 2138 1046 2163 situlae
1066 2138 1111 2162 Cr.
1131 2150 1141 2154 -
1160 2138 1188 2160 et
1207 2137 1274 2168 dopo
1293 2136 1442 2168 Vignolam
1462 2145 1539 2168 agg„
1559 2136 1646 2168 Mun..
1667 2138 1712 2163 Cr.
1732 2149 1743 2155 —
1756 2138 1784 2161 et
1797 2137 1865 2169 dopo
1885 2136 2029 2161 Calcat-iae
2041 2143 2090 2160 om.
2102 2136 2182 2160 anche

343 2184 430 2213 MUR„
457 2184 501 2207 Cr.
523 2198 554 2200 —-
578 2183 616 2207 16.
640 2183 770 2215 Samoga]
796 2186 887 2208 Sonza
906 2184 947 2212 A..
975 2183 1061 2211 Mun.⁷
1082 2183 1141 2210 Cr.·.
1167 2182 1193 2205 si
1214 2184 1302 2205 tratta
1327 2181 1373 2204 del
1390 2184 1472 2211 ponec
1490 2181 1562 2205 sulla
1582 2181 1736 2213 Samoggia
1754 2182 1827 2205 nella
1845 2182 1895 2205 via
1916 2181 2018 2205 Emilia
2037 2181 2134 2204 munito
2153 2180 2183 2204 di

340 2229 423 2251 torri:
443 2229 479 2260 cs.
500 2232 561 2252 nota
580 2237 595 2256 ,ς
610 2241 619 2246 -
636 2229 773 2252 exercitus
793 2236 861 2260 agg.
883 2228 969 2257 Mna„
992 2227 1034 2250 Cr.
1056 2240 1087 2243 —
1105 2232 1143 2257 17.
1165 2224 1263 2257 usque]
1277 2226 1305 2249 et
1323 2225 1364 2255 A„
1379 2225 1468 2255 Mun..
1488 2227 1533 2250 Cr.
1554 2238 1585 2243 —
1603 2226 1642 2251 18.
1655 2227 1681 2250 et
1695 2233 1743 2251 om.
1757 2226 1799 2255 A„
1813 2225 1901 2255 Mum,
1922 2225 1967 2250 Cr.
1987 2238 2018 2241 —
2042 2230 2127 2256 19-20.
2143 2225 2181 2248 ita

344 2272 418 2303 quod
438 2271 526 2301 Mun„
548 2273 606 2298 Cn:
627 2272 723 2303 itaque
749 2273 776 2295 Α.
798 2285 829 2288 —
853 2278 892 2295 20.
907 2272 984 2304 capti
996 2270 1065 2301 viri]
1083 2271 1221 2302 captivati
1239 2269 1281 2297 A„
1303 2269 1389 2298 Mun..
1408 2269 1452 2293 Cr.
1473 2283 1504 2286 —
1525 2275 1566 2300 23,
1585 2268 1637 2301 xv]
1656 2276 1684 2301 13
1698 2270 1738 2300 A„
1759 2269 1844 2300 Μυκ.,
1868 2269 1927 2299 Cr.3
1945 2277 1988 2293 ma
2006 2270 2031 2292 il
2046 2274 2078 2296 13
2098 2268 2180 2300 luglt'o

346 2320 415 2343 1357
430 2323 478 2339 non
489 2315 527 2348 su
546 2316 637 2340 sabato
657 2325 668 2339 e
688 2317 713 2339 lo
725 2316 762 2348 su
782 2316 806 2340 il
823 2321 855 2344 15
874 2315 1018 2340 successivo
1037 2328 1068 2332 --
1091 2320 1130 2345 24.
1151 2314 1266 2346 propter
1285 2320 1354 2337 corr.
1376 2314 1467 2340 Μυκ.;
1488 2321 1574 2347 prope
1597 2314 1640 2343 A„
1667 2314 1712 2340 Cr.
1733 2314 1760 2337 in
1780 2314 1909 2338 entrambi
1925 2315 1936 2336 i
1954 2313 2047 2344 luoghi
2058 2325 2069 2330 -
2084 2312 2182 2344 eclam]

345 2359 420 2382 viam
440 2359 482 2389 A„
503 2360 563 2390 Cr.3
583 2367 631 2384 om.
652 2361 739 2387 Mun..
765 2373 797 2377 —
825 2359 912 2390 26-27⁴
939 2361 966 2384 et
992 2358 1171 2382 dominorum
1191 2365 1238 2381 om.
1257 2357 1298 2387 A.,
1319 2357 1405 2387 Μυκ.,
1428 2359 1489 2382 Cn:
1509 2366 1551 2381 ma
1571 2357 1730 2389 I’aggianta
1748 2359 1856 2388 ciparc
1874 2361 2021 2388 opportuna
2042 2370 2072 2373 —
2093 2360 2135 2386 27.
2153 2357 2181 2380 et

345 2404 442 2427 avanti
459 2412 475 2427 α
496 2404 640 2428 Bononiae
660 2411 727 2435 agg.
747 2404 832 2431 MUR.³
857 2405 900 2428 Cr.

422 2517 429 2534 ¹
441 2518 479 2542 La
492 2519 561 2542 villa
573 2518 600 2542 di
613 2519 710 2542 Ramo.
723 2519 864 2543 ricordata
876 2519 922 2543 dal
933 2526 985 2542 sec.
996 2518 1034 2543 IX
1045 2519 1072 2542 al
1081 2518 1131 2542 XV
1139 2526 1185 2543 era
1194 2519 1235 2542 fra

348 2561 501 2592 Marzaglia
516 2568 529 2583 e
543 2560 628 2584 Freto
642 2561 695 2585 San
708 2561 854 2585 Salvator-e
865 2562 910 2591 (cs.
923 2561 1034 2586 Tmnu..
1044 2562 1111 2589 Biz..
1122 2560 1156 2586 Π.
1167 2561 1237 2591 237).

429 2600 439 2616 2
466 2603 579 2627 Passata
600 2603 625 2626 la
651 2603 763 2626 Secrhia
791 2603 862 2627 sulla
890 2605 934 2627 via
961 2603 1073 2630 Emiliav
1099 2603 1236 2626 l’esercito

349 2646 494 2668 visconteo
514 2646 629 2675 guidato
649 2645 693 2668 dal
715 2645 765 2668 Pio
786 2647 807 2668 si
830 2644 912 2669 trovo
934 2646 1049 2669 innanzi
1074 2645 1094 2668 11
1121 2645 1236 2668 castello

348 2687 374 2709 di
396 2686 559 2718 Marzaglia.
580 2688 628 2710 che
654 2688 721 2710 (leve
747 2695 827 2711 avere
853 2690 974 2718 opposto
994 2695 1048 2710 una
1075 2689 1148 2710 certa
1175 2688 1238 2710 resi-

349 2731 460 2757 stenza;
482 2727 504 2753 sl
526 2730 574 2752 che
595 2730 732 2753 l'esercito
752 2729 861 2761 ripiego
883 2738 897 2754 3
918 2728 1040 2754 mezzodi
1056 2730 1197 2753 risalendo
1211 2729 1237 2753 13

348 2772 439 2795 destra
459 2771 503 2795 del
523 2771 602 2795 fiume
616 2772 672 2796 fino
688 2780 701 2796 3
715 2773 862 2796 Sassuolo:
876 2774 902 2796 di
920 2770 946 2795 la
961 2773 1143 2796 retrocedette
1158 2779 1237 2795 verso

349 2813 533 2835 settentrione
553 2813 615 2835 sino
636 2820 649 2835 a
670 2813 841 2844 danneggiar
862 2813 886 2836 le
908 2813 975 2836 ville
1001 2813 1028 2836 di
1056 2812 1144 2836 Ramo
1170 2820 1183 2835 e
1209 2813 1235 2835 di

348 2854 439 2880 Freto,
461 2854 534 2877 nella
554 2857 632 2885 parte
653 2856 812 2878 nord-ovest
832 2856 859 2878 di
876 2855 1009 2881 Mede-na:
1026 2856 1084 2878 indi
1101 2855 1127 2878 di
1144 2862 1237 2878 nuovo

348 2894 427 2919 risali
448 2897 474 2920 la
494 2897 586 2920 destra
606 2897 647 2920 del
669 2897 790 2922 Sem-hia.
811 2897 978 2927 passandola
998 2905 1046 2928 per
1066 2899 1178 2920 tornare
1194 2898 1236 2920 nel

349 2939 481 2970 reggiano
494 2946 588 2970 presso
599 2938 755 2962 SaIvaterra
770 2946 847 2962 verso
858 2938 1016 2962 scandiam
1029 2937 1151 2969 (Tmm.
1168 2940 1236 2963 Diz..

348 2981 380 3006 11,
401 2981 470 3011 200).

1378 2516 1388 2531 Ἴ
1410 2510 1431 2542 E
1452 2519 1472 2542 il
1492 2519 1578 2551 luogo
1599 2518 1671 2543 dove
1689 2525 1806 2551 sorgeva
1827 2518 1847 2541 il
1869 2517 1986 2541 castello
2007 2517 2182 2550 “Mai-calea-

1294 2560 1305 2571 “
1319 2569 1378 2584 rum
1392 2579 1403 2587 ,,
1426 2559 1485 2585 61οὲ
1504 2561 1578 2585 della
1599 2560 1745 2592 ntarxaglie
1765 2567 1782 2583 o
1802 2559 2034 2591 21zarcite‚1uoghi
2050 2558 2181 2583 cultivati

1293 2610 1307 2626 a
1328 2605 1409 2633 prato
1430 2602 1536 2631 umido⁷
1551 2604 1760 2626 erroneamente
1780 2601 1814 2625 da
1827 2601 1894 2625 altri
1910 2601 2026 2624 creduto
2039 2607 2120 2624 nome
2140 2607 2182 2623 ro-

1293 2651 1376 2668 mano
1400 2644 1413 2656 ⁸⁴
1425 2645 1572 2668 [Marcellia
1584 2661 1607 2675 „.

1381 2686 1392 2701 ⁴
1411 2687 1466 2710 Dal
1478 2686 1631 2718 Reggiano.
1647 2687 1720 2718 dopo
1735 2690 1775 2709 tre
1790 2694 1806 2709 0
1819 2687 1932 2717 quattro
1945 2687 2049 2717 giomi,
2064 2686 2183 2716 dunque,

1294 2730 1348 2753 alla
1362 2729 1414 2753 fine
1430 2730 1456 2753 di
1472 2731 1587 2761 giugno‚
1602 2729 1816 2753 retrocedettero
1832 2736 1936 2759 sempre
1950 2736 1998 2760 per
2012 2728 2038 2752 la
2051 2729 2095 2752 via
2109 2727 2182 2751 Emi—

1293 2771 1340 2800 lia,
1356 2773 1494 2803 passando
1515 2772 1541 2795 la
1552 2772 1665 2795 Secchia
1680 2779 1694 2795 a
1708 2771 1870 2802 Marzaglh,
1885 2778 1898 2794 e
1912 2778 1990 2801 presa
2011 2770 2037 2794 13
2053 2771 2098 2794 via
2109 2778 2123 2794 a
2138 2768 2182 2801 pie

1293 2814 1335 2836 dei
1358 2813 1423 2837 colli
1445 2815 1467 2837 si
1490 2820 1622 2837 recarono
1637 2820 1651 2836 a
1665 2811 1796 2842 vignola,
1811 2811 1927 2836 castello
1941 2811 2030 2835 allora
2045 2812 2087 2835 dei
2103 2809 2183 2835 Gras-

1294 2856 1355 2878 soni
1377 2856 1422 2885 (cf.
1443 2855 1654 2880 CRESPELLANL
1669 2854 1798 2877 Memorie
1811 2854 1923 2877 storiche
1936 2854 2077 2885 vignolesi,
2089 2861 2113 2884 p.
2132 2851 2181 2884 18).

1296 2898 1376 2921 fedeli
1399 2898 1453 2928 agli
1475 2897 1594 2921 Estensi.

1379 2937 1390 2953 5
1409 2940 1451 2962 Da
1471 2939 1603 2969 Vignola.
1626 2940 1737 2961 varcato
1759 2937 1777 2960 il
1800 2937 1915 2962 Panaro.
1938 2939 1943 2960 i
1964 2936 2108 2961 ‘viscontei
2134 2945 2182 2969 per

1294 2982 1318 3004 lu
1342 2983 1385 3005 via
1406 2982 1433 3005 di
1454 2981 1605 3006 Piumazzo
1627 2981 1807 3011 rnggiunsero
1823 2980 1842 3002 il
1858 2983 1981 3003 torrente
2001 2980 2148 3013 Samoggia
2166 2988 2179 3003 ιι

2207 826 2244 856 10

2205 1088 2240 1120 15

2198 1353 2240 1384 20

2203 1616 2243 1648 25

2211 2690 2245 2716 30

2210 2898 2241 2924 35
