2318 3603
162 414 233 433 xtra..
251 414 287 437 596

149 842 168 856 c,
185 838 213 857 52
225 842 237 852 «ι

270 1973 301 1990 10

270 2181 299 2206 ι5

268 2393 301 2410 20

267 2604 297 2627 25

267 2812 300 2836 30

932 227 1247 264 CHRONICON
1275 225 1583 263 MUTINENSE

367 298 2170 314 ......................................................................................................................................................................................................

1994 231 2057 265 ’[Α.
2079 232 2170 264 1336]

333 353 500 394 Campilio
524 351 724 393 prodicione
749 350 881 391 accepit
905 355 1053 381 castrum
1071 348 1231 389 [Marani]
1255 348 1298 379 de
1321 347 1513 388 Campilio¹
1538 348 1603 379 illis
1626 348 1671 379 de
1695 347 1882 384 Boschefis,
1908 348 1965 389 qui
1988 348 2096 389 ipsum
2115 356 2171 378 ca-

337 411 439 437 strum
463 415 503 436 eo
528 403 629 435 modo
652 409 862 444 acceperant
885 407 985 433 antea
1008 401 1101 433 dicto
1126 400 1359 437 Gualandin03
1379 400 1434 441 qui
1459 400 1622 432 Boscheti
1645 406 1678 431 et
1702 399 1935 431 Gualandinus
1959 400 2088 431 dictum
2113 409 2170 431 ca-

331 464 435 489 strum
460 463 558 487 antea
581 461 789 496 acceperant
806 454 968 495 Iacopino
993 454 1036 485 de
1060 452 1297 494 Rangonibus,
1314 452 1371 483 cui
1388 452 1515 484 dictum
1541 459 1688 484 castrum
1711 451 1871 483 traditum
1889 452 1999 483 fuerat
2021 463 2085 493 per
2100 451 2167 482 Le-

331 514 445 551 gatum
462 507 650 539 Ecclesiae.
686 506 785 537 Tunc
804 505 899 537 dicta
914 505 1036 536 civitas
1051 504 1206 535 Mutinae
1223 504 1267 534 ad
1286 509 1413 534 tantam
1426 504 1518 536 venit
1534 504 1711 545 penuriam
1729 504 1822 545 quod
1838 503 1882 535 ad
1898 504 2019 535 festum
2033 504 2168 545 vigiliae

331 561 439 593 sancti
463 559 653 592 Geminiani
678 559 722 590 ad
745 557 962 589 offerendum
986 556 1112 588 ibidem
1137 556 1275 587 fuerunt
1299 556 1511 587 solummodo
1528 556 1595 598 xvj.
1613 556 1737 587 vexilla
1754 556 1857 596 ipsius
1875 556 2021 587 civitatis
2034 554 2056 587 ².
2096 555 2167 587 Sub

333 614 449 655 aliquo
466 612 635 643 dictorum
659 610 860 642 vexillorum
877 617 974 641 erant
990 615 1060 640 tres
1077 608 1242 646 homines,
1261 615 1294 639 et
1312 608 1373 640 sub
1390 608 1505 650 aliquo
1537 615 1691 650 quatuor,
1710 616 1743 640 et
1760 607 1821 639 sub
1839 608 1953 649 aliquo
1969 618 2041 645 sex,
2058 614 2090 640 et
2106 607 2167 638 sub

331 666 445 707 aliquo
469 670 609 706 septem,
628 670 662 694 et
679 662 740 694 sub
758 662 871 703 aliquo
899 668 989 699 octo,
1016 667 1049 692 et
1072 661 1133 692 sub
1158 660 1272 702 aliquo
1296 670 1419 692 novem
1436 671 1498 701 pro
1523 661 1663 698 vexillo;
1682 667 1714 692 et
1731 671 1799 692 non
1823 660 1948 702 plures.
1988 660 2088 692 Tunc
2113 660 2168 691 die

330 718 443 750 martis
459 718 514 760 xvj
533 716 675 747 ianuarii
692 714 900 747 Theutonici
917 720 950 745 et
966 713 1181 755 stipendiarii
1206 713 1248 745 ab
1265 723 1353 754 equo
1372 720 1404 744 et
1420 713 1565 754 pedibus
1585 713 1754 744 dictorum
1780 714 1993 745 dominorum
2010 713 2169 745 Vicario-

331 782 404 801 rum
429 769 583 800 comunis
599 767 756 799 Mutinae
772 768 910 798 iverunt
927 767 960 796 in
979 766 1167 797 districtum
1190 765 1368 796 Bononiae
1385 765 1430 796 ad
1453 771 1577 797 terram
1605 764 1794 803 calcariae,
1812 765 2027 797 disrobantes
2043 764 2168 796 ibidem

333 822 467 859 bestias,
500 819 689 857 culcidras,'
721 825 832 851 vestes
857 825 891 850 et
914 829 969 850 res
994 818 1075 849 alias
1099 817 1133 848 in
1156 817 1303 849 maxima
1328 818 1516 858 quantitate
1525 830 1533 854 ς
1559 824 1592 849 et
1616 817 1697 849 dum
1719 817 1868 850 redirent
1893 817 2104 858 [posuerunt]
2134 817 2168 847 in

331 875 492 907 conflictu
509 872 644 904 nobiles
661 873 704 904 de
721 871 1014 912 Bocca[de]ferris
1031 870 1073 902 de
1091 870 1253 912 Plumaco
1270 875 1303 901 et
1319 876 1441 912 gentes
1457 880 1534 901 suas
1552 870 1595 901 de
1612 870 1703 901 dicta
1719 876 1810 901 terra
1827 870 2002 912 Plumacii‚
2027 869 2168 912 Bacani‚

330 927 541 968 Crespelani,
573 924 761 968 Savignani
785 930 819 956 et
844 925 887 955 de
911 923 1063 965 partibus
1095 921 1402 959 circumstantibus,
1435 923 1493 964 qui
1518 922 1678 954 uolebant
1701 923 1749 954 eis
1781 923 1919 954 obviare
1946 923 1990 954 ad
2018 922 2167 964 Mucam‚

329 985 582 1022 prosternentes
605 978 746 1009 eosdem
772 984 806 1009 et
830 976 1008 1018 capientes
1033 987 1075 1007 ex
1100 976 1149 1007 eis
1173 982 1310 1006 centum
1335 981 1368 1006 et
1393 981 1450 1007 oto
1475 981 1510 1006 et
1533 975 1620 1006 ultra
1645 982 1678 1007 et
1693 975 1951 1018 quampluribus
1978 970 2169 1006 interfectis

330 1040 363 1065 et
386 1031 643 1076 quampluribus
676 1029 874 1067 vulneratis,
899 1029 990 1061 inter
1013 1039 1099 1071 quos
1123 1028 1215 1070 capti
1246 1028 1386 1059 fuerunt
1410 1028 1453 1059 de
1478 1028 1649 1060 nobilibus
1681 1029 1724 1060 de
1756 1028 2023 1060 Boccadeferris
2046 1028 2168 1059 decem

331 1086 390 1129 qui
409 1094 526 1116 omnes
542 1094 578 1115 se
596 1084 808 1115 redimerunt
819 1081 841 1113 ³.
881 1082 981 1114 Tunc
998 1081 1053 1113 die
1071 1081 1229 1113 mercurii
1253 1092 1275 1111 x
1299 1080 1418 1122 aprilis
1441 1081 1598 1112 dominus
1613 1080 1815 1112 Manfredus
1832 1081 1875 1112 de
1893 1080 1962 1112 Piis
1979 1079 2163 1120 [Vicarius]

331 1145 363 1170 et
379 1138 535 1169 dominus
560 1136 706 1168 civitatis
735 1135 889 1167 Mutinae
915 1134 976 1165 ivit
1000 1134 1174 1165 Veronam
1198 1143 1300 1164 causa
1324 1133 1495 1164 tractandi
1524 1134 1746 1165 concordiam
1769 1133 1860 1164 inter
1884 1133 1994 1174 ipsum
2019 1142 2164 1163 comune

328 1191 485 1223 Mutinae
514 1200 556 1221 ex
579 1199 647 1220 una
670 1194 768 1230 parte
793 1194 827 1219 et
858 1187 1014 1219 dominos
1036 1186 1261 1218 Marchiones
1285 1192 1434 1218 estenses
1457 1196 1498 1217 ex
1523 1186 1630 1218 altera
1652 1192 1750 1227 parte
1775 1192 1807 1217 et
1837 1185 1918 1216 inde
1943 1185 2047 1216 rediit
2069 1184 2164 1227 xviiij

330 1244 446 1286 aprilis
457 1243 479 1275 ⁴.
525 1243 625 1274 Tunc
650 1241 779 1273 domini
797 1241 840 1272 de
864 1241 997 1272 Rubeis
1021 1250 1057 1272 se
1082 1244 1328 1281 separaverunt
1352 1250 1429 1271 cum
1448 1239 1594 1271 dominis
1611 1239 1704 1271 della
1722 1239 1823 1271 Scala
1839 1245 1872 1270 et
1896 1239 2033 1270 iverunt
2050 1238 2083 1268 V
2085 1248 2166 1269 ene-

327 1297 396 1328 cias
409 1297 429 1328 ⁵.
461 1296 505 1327 Et
523 1296 577 1327 die
595 1295 712 1326 martis
727 1294 808 1337 xxiij
828 1294 944 1335 aprilis
961 1293 1171 1335 proclamata
1186 1293 1252 1323 fuit
1268 1298 1389 1334 treuga
1405 1292 1493 1324 inter
1509 1293 1666 1323 dominos
1681 1292 1902 1323 Manfredum
1920 1298 1953 1323 et
1971 1291 2164 1323 Guidonem

331 1351 373 1381 de
391 1349 461 1380 Piis
478 1348 633 1381 dominos
649 1347 804 1378 Mutinae
822 1357 863 1378 ex
879 1357 947 1377 una
963 1353 1059 1388 parte
1084 1345 1142 1386 [et]
1167 1356 1209 1377 ex
1232 1348 1339 1376 altera
1362 1346 1581 1377 Marchiones
1598 1352 1757 1377 estenses.
1803 1345 1902 1376 Tunc
1920 1345 1974 1375 die
1992 1344 2091 1375 lunae
2106 1343 2162 1384 xiij

331 1403 408 1434 maii
430 1400 669 1432 illustrissimus
694 1407 726 1432 et
750 1400 947 1443 magnificus
979 1399 1133 1430 dominus
1157 1398 1312 1429 dominus
1337 1398 1445 1440 Obico
1471 1398 1627 1429 Mai-chio
1653 1398 1791 1429 estensis
1820 1397 1974 1429 dominus
1997 1395 2165 1439 generalis

421 1549 441 1565 1.
462 1540 573 1565 Marani
592 1541 605 1564 ὲ
624 1541 650 1563 iu
670 1540 756 1569 Mum,
777 1539 815 1562 M.
835 1552 868 1556 —
890 1545 941 1562 1-2.
962 1540 1011 1570 qui
1030 1539 1181 1571 ipsum....
1202 1537 1383 1562 Gualandino
1404 1545 1451 1562 om.
1472 1538 1550 1562 Mun.
1570 1551 1601 1556 —
1624 1544 1646 1561 2.
1666 1536 1725 1569 qui]
1747 1537 1796 1561 cosi
1815 1537 1852 1561 M
1867 1545 1890 1567 ,ς
1910 1538 1939 1561 et
1956 1537 1999 1565 A„
2022 1536 2066 1561 Cr.
2087 1549 2119 1553 -—-
2140 1543 2163 1567 3.

328 1583 422 1615 antea]
451 1583 501 1607 cosi
530 1583 584 1611 M.;
607 1590 657 1615 pro
680 1582 723 1611 A„
748 1583 791 1606 Cr.
815 1594 827 1599 -
849 1581 1044 1605 Gualandinus
1064 1580 1104 1610 A.‚
1124 1581 1180 1608 M.;
1202 1579 1378 1603 Guidinellus
1405 1580 1491 1609 Mun„
1520 1581 1564 1604 Cr.
1584 1594 1614 1597 —
1637 1585 1660 1610 5.
1681 1588 1698 1603 a
1718 1580 1822 1604 vexilla
1843 1580 1934 1612 Μία
1954 1578 2073 1610 seguire:
2097 1577 2163 1602 Ciri-

331 1629 531 1658 quantinarum
557 1627 647 1659 ipsius
669 1626 797 1650 civitatis
817 1638 848 1642 -
869 1624 893 1648 6.
915 1623 962 1648 et¹
982 1632 1031 1650 om.
1053 1625 1097 1648 Cr.
1118 1637 1150 1642 —
1170 1623 1195 1648 8.
1215 1630 1264 1654 va
1291 1623 1424 1654 ianuarii]
1451 1623 1483 1647 16
1507 1624 1635 1647 februarii
1655 1624 1697 1653 ΑἿ
1719 1624 1806 1654 Mun„
1827 1624 1871 1648 Cr.
1891 1631 1933 1646 ma
1952 1623 1976 1645 il
1992 1623 2026 1646 16
2037 1621 2163 1653 sebbraio

323 1671 361 1703 su
380 1670 490 1696 venera>
507 1678 522 1694 e
535 1671 627 1700 poich&
647 1671 687 1694 Μ.
706 1670 739 1692 lta
759 1676 852 1692 mense
871 1669 994 1692 ianuarii
1013 1676 1027 1692 e
1044 1668 1067 1692 il
1082 1670 1116 1692 τό
1135 1668 1250 1699 genunio
1270 1668 1333 1694 13³6
1344 1667 1382 1699 fu
1401 1675 1434 1690 un
1447 1668 1559 1691 martem
1577 1668 1656 1691 credo
1675 1668 1703 1691 la
1720 1675 1817 1691 cerret.
1836 1668 1925 1691 sicura
1939 1679 1948 1684 -
1962 1664 2092 1697 pedibus]
2111 1665 2162 1688 cosi

330 1716 418 1745 Mun„
436 1716 490 1745 1113
504 1714 628 1738 medibus
647 1715 694 1744 A.;
709 1713 818 1746 pedites
833 1713 879 1736 Cr.
894 1727 925 1730 —
942 1719 982 1736 10.
1002 1712 1150 1743 culcidrasj
1165 1712 1292 1736 culadras
1305 1712 1350 1741 Aa,
1365 1711 1486 1736 valladas
1502 1712 1589 1740 Mum,
1607 1712 1667 1741 Cr.;
1687 1713 1715 1735 la
1733 1719 1830 1736 correz.
1845 1712 1859 1734 ἱ·
1872 1711 1938 1735 data
1952 1711 1987 1734 da
2000 1710 2040 1733 M.
2055 1722 2065 1726 -
2078 1711 2105 1732 et
2119 1716 2162 1733 ve-

329 1762 387 1783 stes
406 1766 448 1783 res
466 1760 514 1788 Aa,
540 1760 566 1782 et
587 1760 676 1782 vestes
695 1759 723 1781 et
742 1765 785 1781 res
809 1757 895 1786 Mum,
917 1757 977 1785 Cre,
1003 1757 1032 1779 la
1050 1764 1147 1780 correz.
1174 1756 1187 1778 ὲ
1207 1756 1270 1779 data
1290 1756 1324 1778 da
1344 1757 1383 1779 M.
1405 1768 1415 1773 -
1434 1757 1587 1786 posuerunt
1608 1754 1620 1778 ἕ
1641 1763 1666 1779 m
1686 1757 1776 1785 Mum,
1798 1756 1852 1785 Cr„
1872 1757 1910 1779 M.
1931 1768 1963 1772 —-
1985 1761 2012 1778 11
2035 1762 2049 1776 e
2072 1760 2110 1784 14.
2129 1753 2163 1776 de

332 1802 551 1834 Boccadeferris]
571 1802 620 1826 cos'z
645 1803 732 1829 Mox..
754 1803 814 1830 (ἲν-ς
835 1801 868 1824 de
888 1801 976 1825 Bocca
995 1800 1026 1824 de
1046 1801 1130 1824 Ferro
1150 1801 1189 1824 M.
1211 1813 1242 1816 —
1266 1806 1304 1822 12.
1325 1799 1358 1823 de
1378 1800 1505 1830 partibus
1525 1807 1660 1831 correggo
1680 1808 1725 1824 con
1745 1801 1790 1829 Δίς
1810 1802 1839 1824 et
1858 1800 1975 1831 dapibus
1993 1799 2035 1827 A„
2056 1798 2115 1827 Cr.;
2135 1798 2163 1820 et

330 1847 393 1871 aliis
413 1848 491 1871 Mun.
512 1859 544 1864 —
566 1852 606 1876 15.
627 1844 770 1876 V³cariusj
789 1852 858 1869 corr.
878 1852 958 1877 sugg.
984 1844 1018 1868 {la
1038 1845 1078 1868 M.
1105 1857 1137 1860 —
1166 1843 1204 1867 16.
1224 1845 1252 1866 et
1271 1844 1367 1867 avanti
1386 1843 1516 1867 dominus
1530 1842 1542 1866 ἲ*
1561 1845 1589 1867 in
1607 1845 1640 1867 A.
1660 1853 1701 1867 ma
1721 1852 1768 1867 om.
1795 1845 1882 1874 Mun„
1906 1843 1949 1867 Cr.
1971 1856 2001 1860 —
2026 1842 2063 1865 18.
2086 1840 2161 1871 cum]

330 1899 345 1916 a
365 1891 451 1919 Mun„
473 1891 518 1915 Cr.
538 1903 569 1906 m
591 1896 633 1914 20.
652 1891 679 1913 et
698 1897 766 1921 agg.
787 1889 875 1919 Mum,
896 1890 942 1914 Cr.
962 1903 993 1906 —
1015 1894 1107 1912 20-21.
1131 1893 1160 1917 13
1181 1887 1263 1918 maii]
1284 1886 1297 1910 ὲ
1317 1895 1383 1918 agg.
1403 1888 1429 1911 in
1449 1895 1536 1918 marg.
1555 1888 1631 1911 dalla
1650 1892 1732 1911 slessa
1752 1896 1826 1911 mano

1277 1963 1396 1986 “stanze
1416 1963 1487 1986 loro.
1526 1963 1570 1986 Ma
1592 1971 1649 1987 non
1679 1965 1699 1987 si
1731 1971 1816 1986 erano
1837 1963 1872 1987 da
1903 1962 2030 1986 Calcaria
2059 1964 2163 1993 troppo

1276 2005 1471 2029 “allontanati
1492 2006 1540 2028 che
1560 2006 1678 2029 hebbero
1700 2005 1727 2029 di
1757 2007 1902 2028 rinrontro
1922 2005 1961 2036 gli
1989 2004 2162 2027 Boccadiferi

1277 2048 1287 2059 ¹¹
1301 2048 1391 2071 nobili
1412 2048 1439 2070 di
1461 2048 1610 2071 Piumazzo
1629 2055 1681 2071 con
1702 2048 1728 2071 le
1743 2056 1789 2071 sue
1807 2048 1884 2079 genti
1908 2049 1935 2070 in
1951 2047 2127 2078 compagnia.
2142 2045 2162 2068 li

417 1965 426 1981 ²
447 1966 505 1990 Che
525 1967 546 1989 si
574 1966 652 1989 tratti
680 1966 707 1988 di
736 1965 861 1991 Marano,
881 1971 895 1987 e
915 1971 971 1987 non
993 1964 1019 1987 di
1048 1962 1220 1994 Campiglio‚

327 2009 464 2031 enti-ambi
486 2007 593 2032 castelli
614 2007 641 2031 al
661 2007 689 2030 di
711 2014 793 2038 sopra
813 2007 841 2030 di
862 2006 988 2037 Vignola
1009 2004 1132 2036 (Tim-m„
1147 2005 1219 2030 Diz..

328 2049 348 2077 Ι,
367 2048 409 2081 98,
428 2049 462 2078 ΙΙ,
485 2050 536 2080 15),
556 2049 657 2073 risulta
677 2049 764 2073 ovvio
784 2056 832 2080 per
845 2048 938 2079 quello
954 2047 1002 2071 che
1015 2046 1029 2071 ὲ
1043 2048 1122 2070 detto
1136 2054 1219 2078 sopra

328 2090 366 2123 (p.
380 2098 436 2122 112,
446 2091 475 2115 ll.
487 2091 541 2123 5-7)
551 2098 566 2114 e
577 2099 624 2123 per
636 2090 655 2113 il
668 2091 822 2114 confronto
831 2090 875 2113 col
888 2091 936 2115 M:
948 2091 974 2113 (11
988 2090 1077 2120 questi
1089 2091 1218 2120 passaggi

329 2134 373 2158 del
393 2134 509 2158 castello
529 2134 556 2157 di
573 2134 689 2158 Marano
703 2134 737 2156 da
752 2140 807 2156 una
822 2133 854 2156 ad
869 2133 992 2156 un'altra
1006 2131 1077 2155 delle
1093 2131 1219 2161 famiglie

329 2176 356 2199 di
379 2176 466 2199 nobili
489 2176 586 2199 urbani
608 2183 621 2198 e
642 2175 727 2198 rurali
749 2182 805 2198 non
825 2173 839 2198 'e
859 2181 948 2198 cenno
970 2175 998 2197 in
1029 2174 1098 2196 altre
1129 2173 1218 2199 fonti;

330 2218 390 2242 solo
411 2219 554 2249 sappiamo
575 2218 624 2241 che
643 2225 713 2248 poco
733 2217 807 2248 dopo
828 2217 912 2240 cadde
931 2216 1075 2239 anch’esso
1093 2216 1122 2238 in
1136 2222 1219 2238 mano

328 2260 402 2292 degli
416 2260 536 2287 Estensi,
551 2258 658 2291 poiche.
671 2267 747 2283 come
761 2261 862 2283 attesta
878 2259 897 2282 il
909 2258 1076 2281 Tiraboschi
1089 2258 1172 2288 (Dim,
1186 2257 1218 2283 ΙΙ,

331 2302 381 2334 16),
395 2302 407 2314 “
420 2303 493 2333 negli
507 2303 558 2326 atti
574 2303 601 2325 di
618 2302 712 2325 Pietro
727 2301 807 2325 Fabri
820 2321 823 2324 .
835 2320 840 2324 .
851 2320 855 2324 .
866 2320 871 2324 .
887 2301 1014 2324 abbiamo
1029 2301 1104 2324 sotto
1120 2300 1127 2322 i
1143 2306 1172 2329 3¹
1190 2300 1217 2322 di

329 2346 440 2376 maggio
460 2345 502 2368 del
528 2350 592 2375 1337
613 2344 639 2367 la
659 2351 801 2376 promessa
821 2343 869 2366 che
891 2343 918 2366 sa
938 2343 1033 2365 Pietro
1054 2342 1097 2365 de’
1119 2340 1217 2365 Sedaz-

327 2388 392 2414 zari,
413 2389 495 2417 posto
516 2386 560 2409 dal
582 2386 720 2409 marchese
745 2385 851 2409 Obizzo
872 2385 897 2408 al
927 2391 1051 2415 governo
1072 2384 1099 2407 di
1126 2383 1218 2414 quella

329 2436 415 2456 rocca.
436 2429 462 2452 di
494 2428 649 2452 disenderla
670 2436 683 2451 e
710 2428 864 2451 custodirla
884 2435 899 2450 a
920 2434 1000 2450 nome
1029 2426 1104 2450 dello
1131 2428 1218 2449 stesso

329 2471 474 2499 mai-chese,
495 2478 508 2494 e
528 2478 564 2494 un
586 2471 645 2493 atto
666 2470 757 2493 simile
779 2470 820 2493 ivi
834 2471 856 2493 si
878 2471 959 2492 trova
980 2469 1023 2492 del
1046 2467 1112 2500 1338
1125 2485 1148 2497 „.

416 2511 426 2526 ²
446 2512 578 2543 Sospetto
597 2513 646 2536 che
667 2514 688 2535 si
710 2512 797 2535 debba
823 2513 940 2543 leggere.
960 2519 977 2535 o
997 2511 1108 2534 almeno
1131 2511 1218 2534 inten-

328 2555 399 2582 dere,
422 2554 432 2566 ‘*
448 2554 552 2577 vexilla
572 2554 684 2578 Artium
707 2555 796 2585 ipsius
815 2553 942 2577 civitatis
954 2571 977 2583 ,‚.

414 2595 424 2611 ³
450 2595 473 2619 Il
504 2598 636 2619 racconto
665 2596 803 2628 parallelo
835 2596 878 2619 del
911 2595 1044 2623 Mor-ano,
1077 2595 1158 2618 salvo
1189 2595 1216 2618 la

328 2645 476 2661 mancanza
497 2639 523 2661 di
545 2637 661 2668 qualche
680 2638 856 2669 particolare,
877 2636 891 2661 ὲ
912 2637 986 2661 nella
1000 2638 1126 2661 sostanza
1142 2637 1217 2660 iden-

327 2681 384 2703 tico
405 2687 419 2703 a
438 2679 533 2710 quello
553 2679 597 2703 del
619 2682 717 2703 nostro
737 2681 876 2706 cronista:
891 2680 1066 2703 confermato
1082 2678 1167 2702 anche
1188 2680 1216 2701 in

327 2719 484 2747 Gallu-051,
503 2721 572 2745 ediz.
586 2720 707 2744 Sorbelli
720 2721 807 2750 Frati,
822 2729 846 2753 p.
863 2727 903 2752 47.
919 2721 935 2745 l.
951 2727 996 2752 30;
1008 2727 1053 2744 ma
1067 2720 1088 2744 il
1102 2719 1218 2744 Ghirar-

327 2762 503 2794 dacci(Hist.
519 2763 634 2789 Bol.‚11.
657 2770 713 2794 124,
733 2763 848 2793 scrive):
871 2763 928 2787 “Li
949 2762 1083 2786 Tedeschi
1103 2764 1132 2786 et
1142 2755 1215 2786 sam-i

328 2805 519 2836 “stipendiati
539 2814 553 2828 a
573 2806 653 2836 piede
671 2807 699 2829 et
718 2813 734 2829 a
754 2806 873 2831 cavallo,
894 2806 943 2829 che
963 2807 984 2828 si
1006 2807 1166 2828 trovavano
1186 2805 1216 2828 in

330 2846 342 2858 ·‘
353 2846 482 2875 Modena,
496 2847 617 2870 ucsendo
637 2847 665 2870 di
686 2847 779 2877 quella
794 2846 870 2873 citta.
886 2854 1012 2871 scorsero
1034 2847 1054 2870 il
1068 2847 1217 2870 territorio

330 2892 340 2900 ‘¹
353 2889 381 2912 di
396 2889 525 2921 Bologna
535 2891 563 2913 et
572 2890 731 2913 assalirono
747 2889 884 2917 Calcaria,
896 2889 1068 2921 spogliando
1079 2889 1141 2920 quel
1153 2896 1217 2912 con-

329 2931 341 2942 ··'
352 2932 437 2953 torno
451 2931 478 2953 di
494 2931 580 2953 bestie
599 2937 614 2953 e
633 2930 811 2961 depredando
825 2931 850 2953 le
866 2928 970 2954 facolta
985 2930 1012 2954 di
1027 2929 1122 2961 quegli
1138 2930 1216 2953 habi-

330 2972 343 2984 “
353 2973 449 3000 tatori,
462 2979 477 2995 e
491 2972 562 2996 satta
575 2972 602 2996 la
615 2972 699 3004 preda
714 2973 736 2996 si
750 2974 899 3003 partin-ono
913 2979 961 3004 per
976 2973 1019 2996 far
1032 2973 1144 2996 ritorno
1160 2971 1216 2995 alle

1277 2090 1372 2120 “quali
1387 2091 1607 2114 animosamente
1619 2089 1840 2122 assagliendogli
1852 2090 1870 2112 li
1884 2095 1985 2120 posero
1997 2090 2027 2112 in
2037 2089 2102 2119 fuga
2110 2095 2161 2111 con

1276 2132 1287 2144 ‘¹
1301 2132 1327 2155 la
1339 2134 1466 2163 maggior
1478 2134 1577 2163 strage.
1590 2132 1638 2155 che
1649 2133 1788 2163 imaginat·
1804 2133 1824 2155 si
1838 2138 1928 2163 possa.
1949 2131 1984 2154 Et
1997 2130 2163 2154 hai-eudone

1276 2178 1287 2186 ⁴·
1303 2174 1366 2198 fatti
1387 2175 1419 2198 (la
1441 2176 1523 2198 cento
1543 2177 1570 2197 et
1589 2177 1650 2197 otto
1671 2175 1779 2199 cattivi.
1801 2174 1820 2197 li
1842 2180 1942 2206 posero
1963 2172 1988 2196 al
2008 2174 2127 2196 riseatto
2139 2190 2161 2201 ,μ

1274 2217 1315 2240 Lo
1335 2218 1440 2239 storico
1456 2216 1608 2247 bolognese
1623 2216 1757 2240 fraintese
1772 2216 1798 2239 la
1813 2223 1860 2239 sua
1877 2215 1955 2238 fonte
1968 2222 1982 2237 e
1995 2214 2068 2238 della
2083 2221 2161 2237 scon-

1274 2259 1332 2283 fitta
1354 2259 1395 2282 dei
1420 2258 1616 2281 Bomzadiserro
1639 2258 1695 2281 fece
1721 2265 1775 2281 una
1802 2257 1863 2281 loro
1884 2258 2011 2280 vitteria.
2036 2264 2078 2279 tna
2106 2263 2161 2279 non

1272 2301 1286 2325 ὲ
1301 2301 1404 2324 dubbio
1419 2300 1518 2331 ch'egli
1539 2301 1683 2331 attingeva
1698 2308 1712 2323 a
1727 2307 1780 2323 una
1795 2306 1912 2322 cronaca
1926 2298 2088 2325 modenese;
2104 2305 2160 2321 non

1274 2343 1347 2366 forse
1367 2349 1382 2366 a
1401 2342 1494 2373 quella
1509 2342 1553 2366 del
1568 2342 1695 2372 Morano,
1712 2349 1763 2373 pur
1777 2343 1810 2365 da
1825 2341 1864 2365 lui
1880 2342 2053 2368 conosciuta,
2067 2341 2138 2363 dove
2154 2341 2161 2363 i

1274 2384 1472 2408 Boccadiferro
1488 2392 1543 2407 non
1559 2391 1629 2407 sono
1645 2385 1794 2411 nominati,
1809 2391 1852 2407 ma
1866 2384 2007 2414 piuttosto
2023 2390 2037 2406 a
2048 2390 2102 2406 una
2114 2382 2162 2406 che

1275 2428 1347 2450 fosse
1360 2428 1433 2450 stata
1448 2427 1527 2450 fonte
1541 2433 1657 2449 comune
1672 2426 1696 2450 al
1711 2425 1831 2449 Morano
1846 2432 1859 2448 e
1874 2425 1899 2448 al
1916 2426 2013 2448 nostro
2028 2425 2160 2447 cronista.

1360 2467 1370 2484 ⁴
1391 2468 1427 2492 Le
1447 2470 1596 2492 trattative
1614 2475 1700 2492 erano
1726 2475 1774 2499 per
1794 2468 1819 2491 la
1840 2468 1966 2491 cessione
1985 2467 2013 2490 di
2041 2466 2162 2490 Modena

1272 2511 1330 2541 agli
1344 2510 1453 2534 Estensi
1468 2519 1471 2533 :
1487 2510 1543 2533 tale
1557 2511 1683 2533 cessione
1696 2510 1724 2532 su
1736 2509 1834 2532 infatti
1848 2508 1985 2539 stipulata
2002 2509 2029 2531 in
2042 2507 2161 2535 Verona,

1274 2551 1348 2575 nella
1368 2552 1425 2575 sala
1445 2551 1489 2575 del
1510 2552 1629 2582 palazzo
1649 2550 1722 2582 degli
1741 2550 1886 2581 Scaligeri,
1901 2549 1921 2573 il
1939 2557 1968 2581 ¹7
1982 2549 2073 2580 aprile
2090 2547 2162 2580 1336,

1274 2596 1315 2617 tra
1336 2593 1475 2617 Manfredi
1497 2593 1561 2623 Pio,
1581 2595 1679 2624 agente
1699 2592 1786 2616 anche
1805 2592 1887 2623 peril
1903 2591 2015 2614 fratello
2029 2590 2134 2619 Guido‚
2149 2598 2162 2613 e

1274 2636 1293 2658 il
1308 2636 1447 2659 marchese
1462 2634 1570 2658 Obizzo
1583 2634 1622 2658 III
1636 2634 1661 2658 d'
1672 2634 1743 2662 Este,
1757 2634 1845 2657 anche
1857 2640 1905 2665 per
1925 2633 1946 2656 il
1968 2632 2080 2656 fratello
2101 2632 2162 2656 Nic-

1273 2676 1336 2701 colo
1364 2677 1388 2701 I:
1418 2677 1501 2701 l’atto
1531 2676 1651 2701 relativo
1682 2677 1710 2700 fu
1739 2675 1902 2707 pubblicato
1927 2676 1957 2698 in
1987 2675 2072 2703 Mun..
2099 2675 2161 2699 Ant.

1273 2721 1339 2750 Est„
1361 2720 1394 2746 11,
1415 2719 1501 2751 89-96,

1360 2761 1370 2777 ⁵
1391 2762 1421 2786 Si
1441 2764 1527 2786 tratta
1547 2763 1590 2785 dei
1613 2761 1694 2785 Rossi
1716 2762 1743 2784 <li
1772 2761 1878 2786 Parma.
1900 2761 1905 2783 i
1933 2760 2019 2790 quali,
2045 2760 2160 2784 essendo

1272 2806 1379 2835 signori
1401 2804 1472 2828 (lelle
1492 2804 1554 2828 loro
1575 2802 1643 2827 cittii
1664 2803 1707 2827 dal
1730 2809 1759 2826 21
1781 2804 1887 2833 giugno
1917 2806 1979 2833 1335
2004 2802 2122 2825 Alberto
2147 2808 2161 2824 e

1272 2846 1396 2870 Man-tino
1417 2846 1490 2870 della
1509 2846 1599 2876 Scala,
1619 2846 1640 2869 si
1656 2846 1803 2876 partirono
1826 2844 2004 2868 “insalutato
2023 2844 2134 2874 hospite
2146 2862 2158 2874 „

1271 2888 1346 2911 dalla
1367 2890 1442 2911 corte
1463 2887 1605 2917 scaligera.
1626 2887 1755 2910 andando
1776 2894 1789 2909 a
1805 2889 1877 2909 stare
1891 2885 2022 2909 Rolando
2037 2893 2050 2908 e
2065 2885 2161 2908 Marsi-

1272 2930 1312 2953 lio
1333 2938 1347 2953 a
1368 2929 1494 2955 venezia,
1515 2929 1608 2952 Pietro
1630 2936 1643 2951 a
1665 2928 1836 2951 Pontremoli
1858 2934 1872 2950 e
1892 2927 2015 2958 Ugolino
2038 2934 2158 2951 vescovo

1271 2971 1371 2995 Parma
1389 2978 1444 2995 con
1464 2978 1501 2994 un
1516 2977 1565 2994 suo
1585 2969 1698 2993 fratello
1714 2977 1728 2993 a
1743 2968 1905 3000 Corniglio;
1927 2969 1949 2992 il
1964 2969 2049 3001 padre
2063 2975 2116 2992 con
2131 2968 2159 2992 la

2197 817 2234 847 10

2193 1079 2229 1110 15

2189 1344 2230 1374 20

2192 1966 2222 1991 35

2189 2177 2224 2201 4⁰

2190 2386 2221 2412 45

2192 2597 2224 2622 50

2189 2807 2219 2832 55
