2370 3603
49 835 87 865 10

50 1098 85 1129 15

47 1364 88 1393 20

46 1628 85 1660 25

54 2176 86 2194 10

58 2651 93 2669 20

62 2863 93 2888 ²5

729 241 983 278 IOHANNIS
1011 241 1081 277 DE
1109 240 1328 278 BAZANO

108 361 240 392 Eodem
264 360 441 392 millesimo
466 361 509 392 de
533 370 648 391 mense
671 359 751 391 maii
782 360 883 391 rediit
915 360 1072 391 dominus
1104 359 1263 391 Gibertus
1294 359 1337 391 de
1368 358 1508 401 Corigia
1537 358 1847 399 Castrumno[v]um
1878 367 1956 389 cum

109 413 306 456 quingentis
329 412 502 455 equitibus
525 423 611 454 quos
634 412 752 444 habuit
777 412 820 453 [a]
844 413 942 455 Rege
966 412 1123 444 Roberto
1142 412 1185 443 de
1202 411 1338 453 Apulea
1354 418 1388 443 et
1405 411 1478 443 aliis
1506 411 1702 444 civitatibus
1719 421 1861 453 quarum
1886 415 1958 442 erat

110 465 240 497 amicus
254 465 289 497 ¹.'
336 466 469 497 Eodem
485 465 665 496 millesimo
683 465 725 496 de
743 475 858 496 mense
883 465 962 496 maii
986 465 1120 496 iverunt
1143 464 1299 495 Paduam*
1324 474 1401 495 cum
1424 463 1642 496 multitudine
1667 463 1816 506 equitum
1834 469 1868 495 et
1894 472 1954 504 pe-

110 517 218 549 ditum
241 517 463 549 Vincentiam
487 524 519 548 et
542 517 758 548 intraverunt
781 517 955 549 civitatem
980 523 1013 548 et
1045 517 1203 548 dominus
1230 516 1334 548 Canis
1366 516 1456 547 della
1480 516 1582 548 Scala
1613 516 1670 558 qui
1701 522 1774 547 erat
1802 515 1959 547 dominus

111 570 221 602 dictae
246 570 395 602 civitatis
417 569 528 601 subito
552 570 650 600 irruit
674 579 777 611 super
801 579 859 601 eos
883 576 916 600 et
940 569 1126 601 debellavit
1149 574 1183 600 et
1207 569 1345 600 fuerunt
1369 569 1587 610 quamplures
1611 568 1783 600 interfecti
1809 574 1843 600 et
1866 568 1958 610 capti

110 623 199 655 bene
223 634 331 665 usque
348 623 393 654 ad
410 623 669 665 quinquaginta,
695 623 782 654 inter
807 633 891 664 quos
915 629 1067 654 mortuus
1084 622 1148 653 fuit
1166 621 1289 653 Comes
1314 621 1433 653 Sancti
1450 620 1648 653 Bonefaci2.
1694 621 1826 653 Eodem
1849 620 1958 652 mille-

111 676 195 707 simo
212 675 256 707 de
272 686 386 707 mense
402 675 483 706 maii
501 675 658 707 dominus
676 676 839 708 Gibertus
855 676 898 707 de
916 676 1056 717 Corigia
1073 676 1165 716 cepit
1183 675 1356 717 quoddam
1374 681 1521 706 castrum
1539 675 1632 716 quod
1646 680 1789 706 vocatur
1803 673 1959 711 Sorbule‚

111 739 153 760 ex
176 734 290 770 pacto,
316 729 424 760 evasis
447 727 604 759 omnibus
627 729 782 770 personis
806 729 839 759 in
865 739 906 760 eo
932 727 1152 760 existentibus
1168 734 1202 759 et
1218 727 1330 770 Opico
1347 728 1390 759 de
1408 727 1543 769 Uncola
1568 727 1627 769 qui
1650 726 1698 758 ibi
1724 733 1798 758 erat
1822 734 1925 768 caput
1935 725 1958 758 ³.

110 781 244 812 Eodem
268 781 449 812 millesimo
475 781 529 812 die
554 781 730 812 dominico
746 781 842 824 xviiij
860 781 945 812 iunii
968 781 1108 813 intravit
1124 780 1279 812 Mutinae
1297 780 1455 812 dominus
1471 780 1675 812 Franciscus
1692 779 1734 811 de
1751 779 1960 817 Mirandola,

110 833 279 874 venie[n]s
301 833 344 865 de
367 833 552 875 potestaria
578 834 727 866 civitatis
751 834 905 865 Pisarum
922 833 980 865 ubi
997 833 1112 865 fuerat
1128 843 1195 864 uno
1219 843 1328 870 anno;
1355 839 1387 864 et
1411 833 1594 864 inmediate
1618 832 1683 864 fuit
1712 832 1902 864 commocio
1925 832 1960 863 in

111 886 250 918 civitate
266 885 421 917 Mutinae
439 892 472 918 et
496 886 551 917 die
576 886 676 918 lunae
699 887 854 928 sequenti
877 897 924 917 xx
948 886 1029 917 iunii
1054 886 1210 917 dominus
1234 885 1437 917 Franciscus
1461 885 1601 917 recessit
1617 885 1660 916 de
1682 884 1818 916 Mutina
1841 891 1874 916 et
1896 885 1959 916 ivit

111 939 272 981 Carpum,
297 940 357 971 sed
380 939 663 981 Archipresbiter
687 941 730 972 de
754 941 870 983 Carpo
895 940 1004 972 noluit
1027 951 1105 971 eum
1129 939 1286 980 recipere
1299 938 1320 970 ⁴.
1367 938 1412 970 Et
1433 939 1613 969 exiverunt
1639 938 1740 969 etiam
1764 948 1842 969 cum
1859 947 1900 969 eo
1917 937 1961 970 de

111 992 248 1024 civitate
270 992 429 1024 Mutinae
453 1003 572 1024 omnes
595 993 644 1025 illi
669 995 711 1025 de
735 993 805 1025 Piis
829 1000 863 1025 et
887 994 930 1025 de
955 993 1115 1035 Gorcano
1139 998 1171 1023 et
1194 992 1329 1023 iverunt
1345 991 1390 1023 ad
1406 1001 1523 1023 eorum
1540 997 1653 1022 castra
1677 1001 1765 1033 quae
1789 990 1962 1023 habebant

111 1046 207 1088 quasi
231 1046 473 1078 inobedientes
498 1054 531 1079 et
554 1048 590 1078 in
616 1047 755 1079 civitate
779 1047 935 1079 Mutinae
962 1051 1201 1078 remanserunt
1225 1045 1275 1076 ini
1307 1045 1350 1076 de
1382 1043 1498 1076 Fredo
1529 1050 1563 1076 et
1596 1045 1638 1076 de
1661 1044 1830 1076 Macreto.
1877 1043 1960 1076 Post

111 1151 250 1183 domino
273 1151 457 1185 PassarIno
483 1153 615 1195 equites
639 1160 673 1185 et
696 1154 831 1195 pedites
854 1153 1004 1194 Carpum
1030 1158 1064 1183 et
1087 1151 1300 1183 intraverunt
1323 1156 1470 1182 castrum
1495 1155 1529 1181 et
1553 1150 1746 1182 habuerunt
1769 1150 1960 1181 custodiam

112 1204 231 1240 castri;
257 1210 290 1236 et
312 1205 378 1237 hoc
403 1205 469 1237 fuit
492 1207 744 1247 procuracione
769 1207 854 1238 dicti
879 1203 1171 1246 Archipresbiteri
1195 1204 1239 1235 de
1267 1203 1411 1235 Brochis
1434 1203 1478 1234 de
1503 1202 1617 1244 Carpo
1642 1209 1676 1234 et
1699 1202 1735 1233 in
1753 1202 1867 1234 odium
1884 1202 1960 1234 illo-

110 1267 185 1288 rum
209 1257 252 1289 de
268 1257 481 1290 Tosabechis
499 1259 542 1291 de
567 1259 691 1301 Carpo.
736 1259 869 1291 Eodem
894 1258 1073 1290 millesimo
1099 1258 1154 1289 die
1179 1257 1264 1288 iovis
1287 1256 1389 1298 xxviij
1412 1256 1488 1287 iulii
1516 1257 1610 1288 venit
1633 1256 1790 1288 dominus
1812 1255 1963 1288 Passari-

111 1320 174 1342 nus
196 1309 353 1342 Mutinae
378 1312 546 1344 transiens
569 1323 631 1354 per
647 1312 798 1353 Carpum
815 1317 958 1353 propter
975 1310 1249 1342 commocionem
1267 1309 1393 1341 dictam
1409 1309 1557 1340 civitatis
1574 1307 1741 1346 Mutinae,
1757 1319 1845 1350 quae
1863 1309 1958 1340 facta

112 1363 177 1395 fuit
200 1370 342 1405 propter
366 1374 537 1396 recessum
562 1365 667 1407 ipsius
691 1365 820 1397 domini
845 1364 1022 1397 Francisci
1047 1370 1081 1395 et
1104 1363 1239 1394 illorum
1265 1362 1307 1393 de
1332 1361 1403 1393 Piis
1425 1368 1459 1393 et
1477 1362 1520 1394 de
1539 1361 1700 1404 Gorcano
1730 1371 1806 1393 cum
1824 1361 1962 1393 illorum

111 1417 316 1459 sequacibus
339 1418 383 1450 de
409 1419 547 1450 civitate
572 1419 740 1450 Mutinae.
787 1418 831 1450 Et
853 1425 936 1449 tunc
961 1423 1081 1459 aperta
1106 1416 1170 1447 fuit
1194 1421 1295 1457 porta
1317 1415 1485 1457 Bacuaria
1509 1425 1597 1457 quae
1621 1421 1723 1446 antea
1740 1414 1854 1445 clausa
1879 1420 1962 1451 erat,

112 1470 221 1501 eciam
244 1478 377 1502 murata
391 1471 412 1502 ⁵.

198 1522 365 1555 Dominus
389 1524 619 1566 Fred[er]icus
635 1525 725 1556 della
743 1524 844 1556 Scala
868 1525 932 1555 fuit
949 1524 1104 1555 Potestas
1119 1521 1275 1553 Mutinae
1292 1521 1353 1562 [in]
1370 1520 1554 1563 M.cccxvij
1573 1520 1631 1561 [et]
1648 1521 1777 1562 incepit
1793 1531 1890 1552 suum
1906 1531 1959 1552 re-

111 1576 227 1618 gimen
252 1577 308 1608 die
334 1577 435 1609 lunae
459 1578 570 1619 primo
596 1579 728 1621 augusti
745 1588 808 1620 pro
827 1578 965 1609 domino
978 1576 1160 1608 Passarino
1173 1575 1195 1606 ⁶.
1241 1575 1447 1607 Praedictus
1463 1574 1697 1616 Fred[er]icus
1709 1574 1808 1606 miles
1824 1580 1859 1606 et
1882 1584 1963 1616 pro-

110 1628 173 1660 bus
196 1629 262 1660 fuit
290 1630 411 1662 missus
442 1630 599 1663 Mutinae
632 1642 695 1673 pro
728 1631 867 1663 domino
899 1630 993 1663 Cane
1024 1629 1114 1661 della
1146 1628 1249 1660 Scala
1281 1635 1314 1659 et
1337 1638 1401 1669 per
1433 1627 1609 1660 dominum
1641 1626 1860 1659 Passarinum
1884 1637 1961 1658 curn

204 1783 229 1801 2.
248 1778 426 1810 quingentis]
448 1787 483 1810 qu
504 1780 530 1803 in
549 1780 581 1803 A.
601 1779 615 1803 ὲ
635 1788 702 1811 agg.
717 1781 789 1804 della
804 1780 895 1810 nupiic
914 1783 1021 1809 espcrta
1041 1778 1256 1809 sull'ortginario
1277 1777 1403 1808 ingentis
1423 1789 1431 1794 ·
1446 1783 1462 1800 a
1475 1784 1544 1808 agg.
1564 1776 1642 1800 MUR.
1657 1789 1667 1794 -
1681 1783 1800 1807 quorum
1812 1776 1867 1800 erit
1878 1775 1912 1799 A.
1927 1788 1960 1793 -

113 1818 138 1842 6.
158 1819 228 1843 bene
241 1828 310 1852 agg.
329 1821 356 1844 in
375 1821 407 1844 A.
428 1822 500 1845 della
521 1830 553 1845 m.
567 1822 618 1852 pit>
638 1826 743 1852 esperta
758 1835 766 1839 -
780 1821 1002 1853 quinquegintos
1021 1820 1069 1847 A.;
1084 1821 1254 1851 quingentos
1268 1819 1346 1843 Mn.
1360 1828 1373 1842 e
1387 1820 1431 1844 Cr.
1447 1832 1455 1836 -
1469 1818 1614 1842 Bonifacil
1628 1818 1714 1846 Mun„
1730 1819 1774 1843 Cr.
1789 1831 1821 1834 —
1836 1822 1860 1848 7.
1873 1817 1961 1849 quod]

112 1863 162 1887 cosi
183 1863 271 1892 Mun„
293 1864 353 1892 Cr.;
373 1866 423 1896 qui
441 1866 474 1889 Α.
494 1880 525 1883 -
547 1865 570 1889 8.
591 1865 720 1898 Opizone
740 1866 816 1890 Mun.
832 1879 840 1883 -
855 1866 944 1898 capud
965 1865 988 1888 Α
1008 1865 1054 1896 qni
1070 1873 1084 1888 e
1102 1867 1188 1895 spesso
1210 1877 1240 1881 —
1261 1871 1285 1895 9.
1306 1863 1352 1887 die
1366 1863 1513 1886 dominico
1532 1868 1620 1893 xvnxJ
1642 1861 1728 1894 iunii]
1743 1861 1789 1885 die
1803 1863 1914 1885 veneris
1931 1868 1962 1893 19

115 1907 190 1931 iunii
207 1907 249 1936 A„
270 1908 339 1932 Mun
350 1927 356 1939 ‚
380 1910 439 1937 Cr.;
461 1918 502 1933 ma
523 1911 545 1933 il
562 1917 594 1941 19
610 1911 717 1942 giugno
732 1917 794 1940 1317
805 1911 843 1942 su
863 1910 1012 1934 domnica.-
1032 1910 1060 1932 [α
1073 1909 1138 1932 data
1153 1909 1198 1932 del
1210 1915 1241 1939 19
1256 1908 1281 1931 ci
1294 1908 1307 1931 ὲ
1321 1911 1479 1931 conservata
1492 1908 1572 1930 anche
1585 1907 1619 1930 da
1634 1905 1795 1929 Pluscumo
1805 1913 1812 1929 τ
1822 1905 1963 1930 Mutinam

114 1950 275 1983 ingreditur
294 1958 386 1976 xvnxr
404 1954 480 1978 iunii
501 1954 546 1978 die
566 1967 575 1972 ·
595 1954 736 1978 Mutinam
756 1954 842 1982 Mea..
864 1954 908 1977 Cr.
930 1967 961 1970 —
985 1960 1024 1977 10.
1047 1950 1220 1982 immediate]
1236 1952 1286 1976 cosi
1302 1951 1395 1979 Mum
1416 1950 1556 1974 mediante
1576 1950 1619 1974 A..
1641 1951 1686 1974 Cr.
1702 1963 1708 1967 -
1724 1951 1854 1974 cumucio
1873 1950 1907 1973 A.
1928 1963 1960 1967 -—

118 2001 158 2018 11.
178 1994 224 2018 die
250 1995 334 2020 lunae
353 1998 481 2028 sequenti
502 2004 541 2022 xx
564 1997 651 2029 iunii]
673 1998 718 2022 die
743 1999 832 2022 sabati
855 1999 980 2028 sequenti
1004 2003 1036 2020 20
1056 1997 1131 2020 iunii
1151 1997 1192 2023 A„
1212 1996 1290 2020 Mun.
1312 1996 1373 2020 Cn:
1393 1995 1438 2018 die
1457 1995 1545 2018 altera
1564 1996 1597 2018 lm
1617 1993 1794 2021 Piuscnmm
1821 1995 1849 2018 la
1876 2002 1962 2018 corre-

116 2039 191 2063 zione
209 2040 223 2063 ἑ
242 2041 393 2065 necessaria
407 2045 460 2072 per
480 2046 575 2066 mettcr
601 2047 693 2073 questa
719 2044 784 2066 data
805 2043 830 2066 in
850 2045 978 2072 rapport«)
997 2050 1042 2065 con
1063 2042 1090 2065 la
1106 2041 1267 2071 precedente
1287 2053 1318 2058 —
1341 2045 1380 2063 12.
1400 2039 1448 2063 sed
1473 2047 1520 2063 om.
1547 2038 1623 2062 MUR.
1644 2051 1676 2055 -
1706 2045 1745 2069 14.
1772 2038 1893 2062 Matreto
1919 2038 1959 2068 A„

116 2083 167 2114 qui,
190 2084 240 2113 pitz
258 2089 324 2108 sotto
338 2089 368 2115 p.
391 2087 421 2115 78
440 2087 459 2110 Ι.
477 2093 498 2116 5
516 2095 529 2109 e
547 2090 649 2117 sempre
669 2087 736 2111 dove
757 2088 783 2110 in
803 2086 835 2110 A.
862 2088 886 2110 si
910 2087 1030 2110 incontra
1049 2089 1137 2117 questa
1156 2093 1228 2109 nome
1249 2098 1279 2100 —
1310 2089 1348 2114 15.
1370 2084 1479 2107 veneris
1501 2082 1602 2114 xxnlj]
1623 2084 1740 2106 mercuri
1761 2088 1794 2114 24
1818 2083 1860 2110 A„
1887 2081 1963 2106 Mun.

119 2128 180 2156 Cr.;
200 2137 243 2152 ma
263 2130 285 2152 il
299 2130 398 2161 giorno
417 2131 448 2154 di
465 2139 512 2154 san
539 2132 672 2155 Giovaum'
690 2132 776 2160 Bata,
796 2139 830 2161 24
846 2130 1013 2162 gingamfu
1033 2131 1077 2153 nel
1093 2136 1159 2159 1317
1178 2137 1211 2152 un
1232 2129 1342 2152 venerdi
1372 2140 1405 2146 —·
1439 2126 1475 2151 16.
1495 2127 1654 2151 custodiam
1683 2127 1710 2150 in
1738 2127 1770 2150 A.
1794 2127 1807 2150 ὲ
1835 2134 1902 2150 corr.
1932 2134 1961 2150 su

119 2172 264 2196 sotticiam
285 2186 316 2190 —
339 2173 378 2198 18.
399 2174 585 2207 Tosabechis]
607 2176 657 2199 cos}
679 2176 765 2203 Mun„
788 2176 846 2203 Cr.;
868 2175 1058 2199 Toszabechis
1078 2175 1118 2204 Λ.,
1141 2173 1207 2197 dove
1226 2175 1254 2197 la
1275 2181 1288 2196 z
1309 2174 1322 2196 ὲ
1342 2181 1439 2196 correz.
1455 2173 1484 2196 di
1501 2180 1534 2195 un
1549 2172 1692 2202 primitivo
1712 2179 1725 2195 c
1740 2171 1840 2194 —lovis
1865 2177 1962 2202 xxan

118 2215 197 2248 iulii]
218 2218 330 2241 veneris
350 2217 383 2241 28
403 2219 469 2243 iulii
489 2219 530 2249 A„
553 2219 639 2247 Μυκη
661 2221 720 2247 Cr.;
741 2222 768 2243 la
789 2221 854 2243 data
874 2221 920 2243 del
936 2220 970 2243 28
989 2219 1076 2250 lug-lio
1096 2218 1121 2242 ci
1139 2219 1151 2241 ὲ·
1172 2221 1330 2242 conservata
1350 2217 1375 2240 in
1394 2210 1568 2243 PRJSCIANOJ
1586 2224 1627 2239 ma
1648 2216 1670 2239 il
1687 2216 1721 2239 28
1739 2216 1826 2247 luglio
1844 2220 1912 2245 1317
1931 2215 1962 2244 fu

114 2260 228 2290 gio-aedi
248 2275 281 2278 —
303 2269 342 2294 19.
362 2263 503 2287 Mutinam
524 2263 610 2294 Mna„
635 2265 680 2289 Cr.
701 2277 709 2282 ·
729 2266 921 2288 comuzionem
942 2264 976 2288 A.
990 2277 1021 2280 —
1044 2269 1083 2286 22.
1104 2263 1193 2286 eciam
1213 2264 1239 2285 et
1260 2261 1336 2285 Mun.
1357 2274 1389 2278 ——
1410 2267 1450 2292 ²3·
1471 2263 1505 2284 et.
1533 2269 1580 2284 om.
1600 2261 1680 2283 anche
1693 2259 1772 2283 Men.
1786 2269 1800 2282 e
1815 2260 1859 2284 Cr.
1875 2273 1906 2276 —
1921 2265 1961 2289 25.

119 2304 259 2329 Mutinam
279 2306 366 2338 Μυκη
390 2308 434 2331 Cr.
455 2321 463 2325 -
484 2315 532 2339 per
551 2309 699 2332 dominum
719 2307 825 2332 Canem
845 2308 922 2332 th.

208 2398 342 2428 ¹Questo
369 2403 480 2425 ritorno
507 2402 535 2425 di
561 2401 680 2426 Giberto
707 2410 722 2426 a
748 2401 941 2426 Castelnuovo
969 2402 1013 2425 nel

120 2443 231 2474 maggio
255 2448 319 2474 1317
341 2450 398 2467 non
414 2443 559 2467 s'intende
579 2445 647 2467 bene
668 2451 745 2467 come
761 2445 782 2467 si
798 2444 879 2467 abbia
898 2444 932 2467 da
947 2445 1017 2475 spie-

120 2492 200 2516 gare:
221 2486 295 2509 forse
317 2486 336 2509 il
357 2487 482 2510 cronista
503 2485 616 2510 ricordo
636 2487 708 2510 male
729 2487 749 2510 il
771 2488 882 2510 ritorno
897 2487 931 2510 da
952 2486 1016 2510 Cre—

122 2534 204 2551 mona
224 2535 241 2550 o
261 2528 295 2551 da
314 2527 421 2555 Parma.
442 2528 491 2551 che
511 2527 630 2552 Giberto
647 2529 704 2552 fece
718 2530 743 2552 ai
760 2530 819 2552 suoi
835 2528 954 2557 castelli,
969 2528 1015 2551 nel

121 2569 229 2600 giugno
249 2577 263 2593 e
283 2569 374 2601 luglio
395 2569 538 2594 dell'anno
558 2570 741 2602 precedente?
754 2570 800 2594 Ad
815 2571 882 2601 ogni
898 2571 982 2594 modo
995 2571 1014 2593 il

121 2612 245 2635 cronista
265 2612 334 2635 deve
359 2619 439 2635 avere
454 2614 607 2636 accennato
628 2620 642 2636 a
662 2619 701 2635 un
723 2613 796 2636 fatto
816 2612 861 2635 del
881 2614 957 2635 tutto
977 2612 1016 2635 di-

123 2654 212 2677 stinto
226 2654 260 2677 da
274 2653 368 2684 quello
388 2654 416 2678 di
432 2653 564 2681 Sorbolo,
580 2656 743 2678 raccontato
758 2653 791 2678 da
805 2654 844 2677 lui
857 2651 907 2686 piu
925 2655 1014 2681 sotto;

123 2695 158 2718 cf.
174 2694 212 2719 M.
238 2695 436 2723 Mmemonm,
466 2696 574 2720 chnde
594 2697 665 2720 della
692 2696 814 2727 signoria
835 2697 864 2720 di
893 2696 1015 2721 Ghiberto

123 2737 157 2760 da
174 2737 334 2769 Correggio,
356 2738 463 2767 Parma,
486 2744 560 2769 1907.

212 2777 223 2793 ²
243 2778 287 2803 Cf.
307 2779 459 2807 Mussxro,
478 2781 523 2804 De
548 2781 637 2811 gestis
659 2781 700 2810 Jt.‚
722 2779 795 2807 vm,
815 2781 939 2812 Fragm„
964 2780 1016 2807 ivi,

123 2820 156 2848 X,
176 2819 225 2844 681
247 2828 306 2853 sgg.

212 2861 223 2877 ³
241 2862 281 2887 La
307 2865 469 2895 spedizione
496 2865 523 2887 di
548 2862 667 2888 Giber‘co
688 2866 788 2888 contro
810 2864 829 2887 il
849 2864 966 2887 castello
986 2864 1014 2887 di

125 2904 243 2928 Sorbolo
255 2906 297 2929 sui
312 2906 492 2938 Parmigiano
508 2907 537 2930 fu
550 2907 569 2929 il
584 2912 618 2937 30
632 2907 743 2937 maggio
758 2912 822 2938 1317
835 2905 1014 2936 (Chr.parn1.‚

125 2946 166 2970 ed.
185 2946 320 2975 Bonazzi‚
341 2955 366 2979 p.
390 2953 445 2979 152,
466 2948 495 2971 11.
520 2955 612 2979 11-19:
635 2946 713 2977 “illi‚
734 2949 780 2978 qui
802 2954 850 2979 per
870 2954 1015 2971 commune

127 2988 140 3000 ’ί
151 2987 248 3012 Parme
262 2991 341 3013 erant
362 2991 390 3012 in
411 2992 510 3019 castro,
533 2989 658 3013 Parmam
681 2991 818 3012 venerunt
831 2989 863 3018 ,,).

1158 2400 1168 2414 ⁴¹
1182 2399 1312 2431 Gigliolo
1324 2399 1364 2422 de*
1377 2398 1502 2425 Brocchi.
1514 2398 1557 2422 sul
1569 2399 1650 2429 quale
1661 2399 1696 2422 cs.
1709 2398 1735 2422 la
1748 2400 1814 2421 nota
1828 2404 1842 2428 3
1855 2405 1870 2421 a
1880 2404 1906 2428 p.
1919 2403 1959 2429 79.

1157 2440 1167 2456 ⁵
1187 2440 1231 2465 Cf.
1253 2449 1334 2472 sopra
1355 2448 1380 2472 p.
1402 2446 1442 2471 72.
1464 2443 1530 2464 nota
1552 2446 1574 2471 5.

1157 2482 1168 2499 ⁶
1188 2483 1227 2508 La
1247 2484 1346 2507 durata
1367 2483 1440 2506 della
1454 2483 1613 2514 podesteria
1628 2482 1704 2506 dello
1717 2482 1868 2513 Scaligero.
1881 2481 1961 2513 figlio

1070 2526 1098 2550 di
1120 2534 1156 2550 un
1178 2527 1280 2557 cugino
1301 2526 1328 2549 di
1350 2524 1517 2555 Cangrande
1536 2524 1556 2552 1,
1578 2532 1634 2548 non
1655 2524 1679 2548 si
1699 2523 1755 2556 puo
1775 2524 1961 2547 determinare

1069 2575 1121 2592 con
1143 2570 1281 2593 certezza:
1301 2567 1466 2591 trovandosi
1487 2567 1684 2590 documentata
1699 2567 1762 2589 sino
1777 2566 1803 2589 31
1822 2565 1961 2589 dIcembre

1070 2610 1114 2634 del
1138 2616 1202 2642 1317
1230 2610 1331 2639 (alena,
1358 2616 1379 2632 a.
1410 2613 1484 2640 1317.
1509 2616 1555 2632 nn.
1584 2607 1658 2640 1897,
1689 2606 1762 2639 1985,
1786 2606 1863 2635 2068,
1884 2613 1960 2638 2103,

1072 2659 1148 2685 2297,
1165 2651 1240 2683 2466,
1256 2651 1332 2683 2695,
1348 2651 1441 2683 2777);
1461 2651 1509 2682 poi
1531 2651 1574 2674 nei
1595 2651 1686 2676 Mem..
1700 2657 1724 2674 a.
1742 2649 1849 2681 1318,1,
1871 2657 1896 2673 n.
1914 2648 1960 2681 185

1071 2696 1093 2718 si
1113 2695 1148 2718 ha
1168 2701 1216 2727 per
1237 2694 1256 2716 il
1277 2694 1398 2724 germaio
1422 2691 1488 2724 1318
1507 2692 1765 2716 un’intitolazione
1784 2692 1810 2715 al
1831 2698 1912 2715 nome
1932 2692 1960 2715 di

1070 2745 1107 2761 un
1128 2743 1222 2760 nuovo
1242 2732 1367 2767 maesta,
1395 2734 1527 2758 “nobilis
1556 2735 1599 2757 vir
1625 2734 1745 2765 Borgata
1772 2734 1805 2757 de
1827 2732 1962 2757 Orlandis

1072 2778 1084 2790 ‘⁴
1097 2779 1130 2802 de
1149 2778 1278 2809 Pissis„:
1300 2784 1381 2800 nome
1408 2777 1507 2807 ignoto
1528 2777 1552 2800 ai
1575 2777 1702 2803 cronisti,
1724 2776 1798 2799 forse
1816 2773 1916 2807 perche
1940 2775 1959 2798 il

1071 2828 1120 2844 suo
1150 2821 1332 2851 reggimento.
1361 2826 1389 2842 se
1418 2818 1473 2849 egli
1504 2825 1571 2851 pure
1602 2817 1746 2846 l'assunse,
1779 2815 1849 2841 duro
1879 2817 1961 2848 pochi

1070 2864 1173 2894 giomi,
1195 2862 1310 2885 essendo
1332 2861 1352 2884 il
1376 2867 1404 2892 17
1418 2861 1540 2892 gennaio
1560 2861 1705 2892 scoppiata
1724 2860 1751 2884 la
1769 2859 1873 2883 rivolta
1888 2859 1960 2882 onde

1071 2906 1079 2927 i
1101 2903 1250 2927 Bonacolsi
1283 2903 1384 2926 furono
1409 2902 1513 2933 espulsi
1540 2901 1586 2925 dal
1612 2901 1740 2925 dominio
1766 2902 1793 2924 di
1825 2901 1960 2925 Modena:

1071 2946 1114 2970 del
1136 2948 1219 2975 resto,
1240 2946 1288 2973 ivi,
1310 2945 1355 2968 nel
1375 2945 1497 2976 gennaio
1520 2942 1586 2976 1318
1606 2950 1732 2967 avevano
1753 2943 1839 2967 anche
1863 2950 1901 2966 un
1925 2943 1962 2965 vi-

1071 2989 1155 3012 cario.
1176 2985 1287 3010 Giliolo
1307 2986 1380 3010 della
1401 2984 1489 3009 Torre
1509 2985 1610 3015 (Mem.
1632 2993 1654 3009 a.
1678 2983 1754 3016 1318.
1775 2984 1794 3008 I.
1809 2992 1835 3008 n.
1859 2984 1891 3013 1).

1989 2443 2022 2468 30

1989 2655 2022 2680 35

1989 2867 2023 2892 40

2030 477 2050 493 ί,
2066 475 2125 496 ‚02

2034 1110 2128 1130 ⁶.³4b
