2370 3603
59 579 76 612 5

120 258 204 293 [ΔΑ.
226 258 412 291 1318-1319]
717 249 970 286 IOHANNIS
998 249 1070 284 DE
1095 248 1315 285 BAZANO

99 323 114 330 .-
115 316 1913 330 ....................................................................................................................................................................................................
1916 316 1928 321 .-

98 371 280 408 civitatem,
305 371 368 402 sed
391 370 567 401 civitatem
592 378 661 400 non
685 368 825 400 intravit
848 379 912 400 nec
936 368 1094 410 sagittam
1118 367 1265 409 proiecit
1289 375 1353 397 nec
1377 376 1471 397 arma
1499 365 1615 397 movit.
1662 365 1727 396 Die
1760 363 1934 395 dominico

99 429 177 465 post
193 433 354 464 vesperas
376 422 426 453 ini
443 422 486 454 de
511 421 648 454 Sassolo
663 420 683 458 ¹,
701 421 759 463 qui
775 427 940 452 venerant
957 420 1059 461 [cum]
1077 420 1215 452 domino
1231 419 1424 455 Passarino,
1441 424 1620 450 moverunt
1636 427 1730 448 arma
1746 427 1806 448 sua
1822 422 1856 447 et
1873 416 1934 447 im-

99 481 216 518 petum
233 475 390 506 fecerunt
406 481 526 506 contra
543 474 732 510 civitatem3
751 480 785 505 et
802 473 896 505 cives
911 472 1076 510 Mutinae,
1093 473 1158 503 viri
1175 471 1231 513 [et]
1248 471 1406 502 mulieres
1423 481 1551 508 omnes,
1576 474 1801 502 occurrerunt
1818 478 1936 499 omnes

100 528 144 560 ad
165 527 336 569 pa'acium
370 537 478 569 prope
511 532 645 567 portam
668 526 856 568 Bacuariae
883 526 931 557 ita
955 525 1048 568 quod
1071 525 1200 556 inimici
1231 529 1448 556 recesserunt
1478 533 1542 554 nec
1575 522 1719 564 amplius
1750 521 1936 553 redierunt.

100 580 223 612 Postea
240 580 295 612 die
311 579 471 611 mercurii
487 589 618 610 summo
634 589 734 610 mane
751 579 773 622 ij
799 579 931 620 augusti
955 583 1168 610 recesserunt
1185 577 1341 608 dominus
1358 576 1462 608 Canis
1479 582 1512 607 et
1529 575 1685 607 dominus
1708 574 1907 606 Passarinus
1920 572 1942 604 ².

98 631 277 664 Adventus
301 632 515 663 dominorum
539 631 709 662 dictorum
733 631 799 662 fuit
815 631 860 662 ad
876 631 1083 672 peticionem
1108 630 1243 661 illorum
1261 629 1303 660 de
1321 629 1434 660 Fredo
1452 634 1485 660 et
1502 628 1544 660 de
1560 627 1715 659 Macreto
1733 626 1790 667 [et]
1809 626 1939 657 domini

101 684 247 717 Gerardi
272 685 314 716 de
330 684 515 727 Bucalinis.
561 684 664 715 Dicto
681 689 837 725 tempore
855 683 940 715 dicti
958 683 1125 715 exercitus
1148 682 1288 714 fuerunt
1312 681 1444 713 detenti
1460 681 1494 712 in
1513 680 1652 712 civitate
1671 679 1826 711 Mutinae
1844 679 1938 710 circa

100 737 193 779 xxiij.
209 738 400 779 populares,
423 737 514 768 inter
530 746 615 779 quos
638 737 704 767 fuit
728 737 884 767 dominus
906 736 1102 777 Belincinus
1126 736 1168 766 de
1191 734 1387 777 Belencinis
1411 734 1516 765 iudex
1533 741 1565 764 et
1583 733 1765 765 Catelanus
1782 733 1854 763 eius
1870 732 1940 762 fra-

100 795 163 828 ter,
187 789 344 821 dominus
375 789 526 821 Ubertus
550 789 592 820 de
615 788 784 820 Donoctis
815 788 919 820 iudex
943 794 977 820 et
1001 787 1214 819 Gerardinus
1238 787 1280 818 de
1305 786 1515 818 Trabanello
1544 785 1644 817 faber
1674 791 1708 815 et
1739 784 1795 815 alii
1827 793 1935 825 usque

41 842 79 872 10
103 841 148 873 ad
168 841 273 883 xxiij„
291 852 334 873 ex
358 841 480 883 quibus
504 841 662 872 dominus
685 840 835 872 Ubertus
858 841 1052 882 praedictus
1077 839 1134 880 [et]
1160 839 1315 870 dominus
1331 838 1452 870 Petrus
1477 839 1519 869 de
1544 837 1778 879 Bergonconis
1802 836 1941 867 fuerunt

39 1369 79 1399 20

49 1901 81 1918 10

50 2151 78 2174 x5

49 2356 82 2373 20

50 2777 83 2801 30

51 2986 82 3012 33

99 894 252 937 graviter
273 892 368 925 ‘corti'
392 899 426 925 et
449 894 606 925 dominus
628 893 780 925 Ubertus
803 893 868 924 suit
893 893 1138 925 condemnatus
1162 892 1220 933 [in]
1246 901 1314 923 CVI.
1334 891 1493 922 librarum
1518 891 1670 922 Mutinae
1693 896 1727 921 et
1751 889 1862 920 dictus
1879 889 1939 919 do-

100 947 211 978 minus
235 946 356 978 Petrus
380 946 414 977 in
437 956 511 978 0111.
546 946 719 978 librarum.
766 946 870 977 Tales
892 955 975 977 vero
1001 945 1130 977 detenti
1154 945 1294 976 fuerunt
1317 943 1463 975 relaxati
1487 944 1544 975 die
1568 943 1686 974 martis
1712 943 1771 986 viij
1798 941 1941 984 aug-usti,

102 998 354 1031 fideiussoribus
377 999 466 1031 datis
478 998 500 1031 ³.

188 1051 355 1083 Dominus
386 1051 575 1084 Pocaterra
605 1052 649 1084 de
682 1052 815 1084 Cesena
847 1051 1014 1092 [Potestas
1045 1050 1091 1092 et]
1124 1050 1282 1082 dominus
1305 1049 1462 1092 Ughetus
1487 1049 1530 1081 de
1555 1047 1706 1080 Forlivio
1732 1047 1941 1089 Capitaneus

103 1104 259 1136 Mutinae
283 1104 319 1135 in
341 1103 539 1148 M.cccxviij
565 1116 627 1146 per
650 1105 735 1136 alios
758 1115 818 1136 sex
842 1115 974 1136 menses
996 1105 1153 1145 inceptos
1174 1104 1208 1146 xj
1234 1103 1367 1145 augusti
1379 1102 1400 1134 ⁴.
1447 1102 1551 1133 Dicto
1575 1108 1729 1143 tempore
1762 1106 1942 1142 acceptum

102 1157 167 1188 fuit
191 1164 338 1188 castrum
361 1156 533 1200 Dinacani
557 1157 626 1189 illis
651 1157 693 1188 de
719 1156 857 1189 Sassolo
881 1166 944 1198 pro
969 1156 1178 1188 comunitate
1201 1155 1305 1198 Regii
1318 1154 1338 1186 ⁵.
1385 1154 1488 1186 Dicto
1514 1161 1668 1195 tempore
1687 1153 1845 1184 dominus
1860 1152 1943 1183 Pas-

103 1209 232 1241 sarinus
255 1209 386 1241 electus
409 1209 474 1241 fuit
499 1209 657 1241 dominus
681 1209 829 1241 civitatis
853 1209 1043 1241 Cremonae
1075 1219 1139 1250 per
1171 1208 1345 1240 dominum
1378 1207 1507 1239 Canem
1531 1207 1624 1238 della
1650 1205 1752 1237 Scala
1783 1206 1841 1247 qui
1869 1215 1943 1236 eam

104 1269 241 1303 ceperat
250 1261 272 1293 ⁶.
318 1262 422 1294 Dicto
446 1268 600 1304 tempore
624 1262 689 1294 fuit
713 1262 881 1294 exercitus
905 1262 947 1293 de
970 1262 1076 1293 Ianua
1099 1268 1132 1292 et
1157 1261 1200 1293 de
1225 1260 1382 1293 Tervisio
1395 1258 1418 1292 ⁷.

189 1315 356 1346 Dominus
379 1315 572 1347 Tarabotus
596 1315 639 1346 de
662 1315 844 1347 Tarabotis
869 1315 911 1346 de
935 1314 1105 1346 Anchona
1127 1313 1281 1346 Potestas
1303 1313 1457 1344 Mutinae
1481 1313 1517 1344 in
1540 1312 1751 1355 M.cccxviiij
1777 1321 1839 1353 pro
1865 1316 1944 1342 octo

102 1368 271 1400 mensibus
294 1369 440 1410 inceptis
462 1369 495 1412 xj
520 1368 686 1400 februarii
699 1367 720 1400 ⁸.
768 1368 820 1399 Eo
844 1374 998 1409 tempore
1016 1367 1072 1398 die
1087 1378 1155 1398 xxv
1171 1367 1291 1408 aprilis
1314 1366 1407 1398 venit
1431 1366 1590 1397 dominus
1614 1363 1717 1396 Canis
1734 1364 1826 1395 dena
1844 1364 1946 1396 Scala

196 1526 216 1543 1.
236 1519 298 1551 sed]
317 1519 368 1543 cosi
389 1519 481 1543 Mum:
501 1520 595 1543 silicet
610 1519 652 1549 A..
675 1520 720 1543 Cr.
740 1532 751 1537 -
771 1518 903 1552 proiecit]
924 1519 975 1543 cos)
996 1519 1082 1549 Mun„
1105 1519 1166 1543 Cr.:
1186 1518 1288 1551 pressit
1308 1519 1341 1542 A.
1361 1531 1394 1534 —
1414 1524 1438 1541 2.
1458 1524 1520 1541 cum
1540 1525 1609 1548 agg.
1629 1517 1720 1541 Mun:
1738 1517 1784 1540 Cr.
1803 1516 1946 1548 aggiunge

106 1562 196 1585 invece
216 1569 267 1593 pro
290 1575 318 1578 —
340 1569 364 1593 3.
387 1563 415 1585 et
438 1562 534 1585 avanti
551 1562 682 1585 mulieres
702 1562 716 1584 ὲ
735 1562 761 1585 in
782 1561 868 1591 Mm„
888 1562 932 1585 Cr.
953 1574 984 1578 —
1004 1568 1028 1592 4.
1048 1560 1201 1592 palacium]
1223 1559 1274 1584 cosi
1294 1561 1336 1589 Α,
1355 1559 1441 1587 Mun„
1464 1560 1523 1587 Cr.;
1544 1559 1741 1590 palancatum?
1762 1571 1770 1575 -
1790 1558 1831 1581 ita
1857 1557 1945 1588 quod]

106 1603 155 1627 cosi
181 1602 266 1631 MUR„
288 1603 346 1631 Cr.;
368 1605 461 1634 itaque
480 1604 514 1627 A.
533 1616 543 1620 -
564 1603 688 1633 inimici}
711 1605 811 1633 parola
831 1611 920 1626 monca
940 1603 974 1626 ed
999 1603 1131 1633 illegibile
1150 1603 1177 1626 in
1196 1602 1239 1630 A„
1259 1603 1302 1625 che
1321 1601 1399 1625 MUR.
1420 1610 1432 1624 ε
1460 1601 1504 1624 Cr.
1531 1601 1713 1630 interpretano
1739 1608 1783 1623 con
1809 1600 1892 1622 vacui
1913 1611 1946 1615 —

105 1650 130 1675 5.
150 1644 183 1677 ij]
202 1645 252 1668 cos)
274 1645 365 1669 Mun:
387 1652 401 1677 3
422 1647 463 1675 A„
487 1646 531 1669 Cr.
553 1646 628 1677 (vetii
646 1649 706 1668 nota
725 1643 751 1676 1)
767 1657 799 1661 -
820 1643 844 1668 6.
863 1644 1044 1676 peticionem]
1058 1644 1108 1668 cos)
1130 1644 1217 1672 Mun„
1239 1645 1298 1671 Cr.;
1318 1644 1500 1666 mesicionem
1521 1644 1552 1665 A.
1566 1655 1577 1660 -
1591 1645 1618 1665 et
1638 1643 1734 1665 avanti
1752 1641 1863 1665 domini
1879 1649 1947 1672 agg.

107 1686 184 1710 MUR.
205 1699 238 1704 —
258 1694 282 1718 7.
301 1686 388 1710 Dicto
408 1695 455 1710 om.
479 1686 556 1710 MUR.
577 1699 609 1703 —
629 1685 653 1710 8.
674 1686 759 1718 xxiij]
780 1687 825 1717 qui
843 1694 856 1709 e
870 1687 920 1716 pil}
939 1690 1005 1710 sotto
1025 1686 1054 1715 (1.
1078 1686 1119 1716 10)
1138 1686 1165 1709 in
1185 1685 1218 1709 A.
1238 1686 1263 1709 si
1280 1687 1364 1716 legge
1389 1685 1567 1708 chiaramente
1585 1691 1625 1714 23,
1647 1685 1754 1707 sebbene
1773 1683 1859 1712 ML'R„
1876 1683 1919 1706 Cr.
1935 1691 1949 1705 e

107 1727 269 1751 Plusc1Axo
283 1728 393 1751 abbiano
412 1729 456 1751 nei
473 1729 523 1752 due
542 1729 634 1759 Iuogki
653 1728 707 1759 xiiJ
728 1742 758 1745 —
778 1735 794 1759 9
814 1727 966 1758 Donoctis]
986 1727 1103 1751 Donato
1123 1727 1164 1755 A..
1186 1727 1273 1757 >It-R„
1295 1728 1355 1751 Cr.:
1369 1730 1423 1756 per
1441 1727 1469 1749 la
1482 1734 1581 1750 correz.
1596 1734 1621 1748 v.
1637 1729 1666 1755 p.
1686 1726 1725 1754 60,
1742 1728 1803 1748 nota
1816 1726 1832 1748 8
1855 1737 1883 1741 —
1907 1730 1947 1748 10.

106 1771 133 1794 et
152 1778 220 1802 agg.
240 1770 316 1794 MUR.
330 1783 362 1787 —
381 1777 419 1794 11.
438 1770 469 1793 in
489 1778 536 1794 non
556 1768 570 1793 ὲ
588 1771 632 1793 nei
649 1771 712 1794 testi
723 1783 734 1788 -
748 1770 814 1801 cvi.1
833 1769 901 1793 1006
915 1770 948 1793 Α.
962 1778 1003 1793 ma
1018 1778 1053 1793 va
1068 1773 1154 1793 temeto
1169 1773 1240 1793 conto
1253 1769 1305 1800 qui.
1325 1777 1395 1793 come
1403 1769 1452 1798 piic
1471 1771 1537 1791 sollo
1549 1769 1566 1791 l.
1581 1775 1612 1791 12
1627 1776 1640 1790 e
1653 1769 1766 1797 aurove,
1783 1767 1943 1790 dell’errore

110 1812 186 1835 solito
200 1814 226 1835 in
240 1812 273 1835 A.
287 1812 390 1842 quando
407 1812 474 1835 deve
484 1812 664 1844 trasformare
677 1812 689 1835 i
699 1812 802 1835 numeri
814 1812 917 1835 romani
928 1812 954 1834 in
967 1811 1037 1844 cifre
1051 1811 1194 1839 arabiclze:
1207 1810 1290 1842 Mcvj.
1305 1810 1396 1837 MUR.;
1414 1816 1464 1833 100
1482 1810 1525 1833 Cr.
1539 1822 1572 1826 —
1590 1815 1627 1832 12.
1643 1808 1714 1839 ciii.]
1731 1815 1796 1840 1003
1811 1809 1844 1831 A.
1859 1816 1872 1831 e
1887 1808 1946 1836 Cr.;

110 1853 193 1877 M.iii.
207 1853 283 1877 MUR.
299 1866 308 1870 -
322 1852 388 1886 viij]
404 1854 474 1885 xviij
487 1853 572 1881 Mun..
588 1854 649 1877 Cn:
663 1852 696 1877 28
709 1853 755 1882 Α.;
769 1862 810 1877 ma
824 1854 854 1876 lm
868 1853 1006 1885 presen'to
1019 1855 1047 1877 la
1061 1854 1126 1876 data
1139 1856 1292 1876 conservata
1306 1853 1384 1875 anche
1398 1852 1433 1875 da
1446 1851 1609 1874 Prusenmo
1619 1851 1716 1880 perche
1730 1851 1766 1874 l’8
1779 1853 1873 1881 agosto
1883 1850 1950 1879 1318

105 1895 144 1926 su
161 1903 194 1918 un
208 1895 330 1924 martem,
347 1899 446 1919 mentre
466 1895 488 1918 il
504 1896 537 1919 18
549 1895 586 1926 fu
607 1895 717 1918 venerdi
739 1903 752 1918 e
770 1896 793 1918 il
809 1896 843 1918 28
863 1895 952 1918 lunedi
974 1908 1006 1911 --
1030 1901 1069 1926 14.
1088 1895 1114 1918 in
1136 1895 1175 1921 A„
1189 1895 1254 1923 dopo
1269 1892 1375 1917 cesena
1389 1901 1469 1924 segue
1490 1901 1538 1916 uno
1551 1893 1641 1922 spa-*io
1660 1893 1750 1915 bianco
1764 1893 1807 1915 che
1822 1893 1852 1915 Ιιο
1870 1888 1948 1915 νιέηῐ-

107 1937 166 1967 pito
186 1939 227 1961 col
244 1937 322 1961 MUR.
342 1949 353 1954 -
373 1936 558 1969 Capitaneus]
578 1937 628 1961 cosi
645 1937 731 1963 Men..
747 1938 808 1966 Cr.;
822 1937 911 1968 capud
925 1937 957 1960 A.
971 1950 1003 1954 —
1019 1943 1060 1968 15.
1075 1936 1116 1969 xJ']
1130 1942 1153 1959 11
1168 1936 1246 1960 Mmz.
1260 1944 1273 1959 ε
1289 1937 1334 1960 Cr.
1343 1939 1397 1966 per
1410 1936 1433 1958 il
1444 1935 1520 1958 solito
1535 1943 1626 1958 errore
1640 1935 1669 1958 di
1681 1936 1781 1957 lettara
1802 1947 1825 1950 -
1846 1940 1885 1965 19.
1899 1932 1949 1957 Fa-

111 1979 227 2002 sabotus
241 1978 274 2002 de
288 1978 438 2002 Farabotis
453 1979 493 2009 A„
512 1979 605 2003 >11:11st
625 1980 652 2002 la
674 1979 726 2002 mia
745 1979 895 2002 correzione
914 1979 1083 2008 corrisponde
1098 1979 1127 2001 ai
1139 1978 1220 2001 Mem.
1236 1986 1249 2001 e
1263 1986 1279 2001 a
1294 1979 1339 2001 Cr.
1355 1990 1363 1994 -
1378 1976 1554 2009 Mcccxviiijl
1573 1975 1639 2007 1318
1652 1976 1687 2000 A.
1717 1990 1729 1993 >
1750 1981 1790 1999 20.
1805 1977 1848 2008 xj}
1868 1976 1948 1999 anche

109 2021 162 2051 qui,
181 2029 250 2044 come
268 2021 298 2044 al
314 2021 398 2049 solito,
418 2021 496 2045 MUR.
516 2029 529 2044 e
550 2020 595 2044 Cr.
615 2022 730 2052 leggono
750 2026 789 2050 113
809 2029 825 2044 a
844 2021 979 2049 conferma
999 2021 1071 2044 della
1091 2021 1156 2044 data
1174 2026 1207 2044 ιι
1219 2019 1346 2051 sebbraio
1366 2027 1391 2042 v.
1406 2019 1460 2043 doc.
1474 2020 1501 2042 in
1523 2020 1604 2043 Carte
1625 2018 1752 2048 Campori
1769 2026 1834 2042 cass.
1854 2018 1904 2047 146

197 2103 205 2120 ¹
226 2103 332 2131 Questa
352 2112 444 2128 mossa
469 2105 513 2128 dei
543 2104 677 2129 Sassolesi
708 2106 731 2128 si
758 2106 827 2129 deve
852 2105 996 2128 intendere

109 2146 180 2170 satta
200 2146 275 2170 nella
296 2148 385 2179 prima
412 2148 557 2171 domenica
583 2148 632 2170 che
653 2145 730 2178 segni
757 2147 813 2171 alla
839 2149 942 2171 venuta
968 2148 996 2170 di

109 2187 275 2219 Cangrande
295 2196 309 2212 e
329 2189 357 2212 di
377 2189 534 2216 Passerino,
555 2187 617 2212 cioe
638 2189 657 2212 il
678 2196 713 2220 30
731 2189 840 2220 luglio;
861 2187 919 2212 cosi
947 2190 998 2212 rie-

108 2237 152 2253 sce
171 2231 259 2253 esatta
280 2230 306 2253 la
326 2231 484 2260 datazione,
505 2230 553 2253 che
573 2237 663 2261 segue,
683 2230 727 2253 del
748 2237 760 2253 z
783 2232 888 2262 agosto,
911 2237 958 2261 per
972 2230 998 2253 la

109 2274 238 2303 partenza
258 2272 285 2295 di
307 2272 369 2296 essi.
407 2272 491 2296 Forse
513 2280 570 2296 non
585 2273 614 2296 fu
628 2274 754 2296 estranea
768 2280 782 2296 a
797 2274 893 2303 questa
907 2280 999 2296 mossa

109 2313 152 2337 dei
173 2314 281 2345 signori
303 2314 336 2337 da
356 2313 489 2337 Sassuolo
509 2314 536 2337 la
556 2315 750 2338 controversia
765 2314 814 2337 che
829 2314 881 2337 essi
897 2314 997 2337 ebbero

111 2356 237 2387 appunto
258 2355 286 2378 in
307 2357 404 2386 questo
425 2362 499 2379 anno
522 2355 588 2386 1318
610 2355 653 2379 col
681 2363 798 2379 comune
824 2356 852 2379 di
878 2355 999 2379 Modena

109 2404 157 2428 per
176 2397 198 2420 il
218 2404 345 2428 possesso
367 2398 394 2421 di
416 2400 488 2421 certe
508 2400 580 2421 terre
601 2399 629 2421 in
650 2397 755 2421 Limidi
769 2407 773 2425 ;
789 2398 860 2421 sulla
881 2398 962 2428 quale
977 2400 999 2422 si

111 2439 178 2462 veda
192 2438 371 2469 N.C10x1x1‚
388 2439 574 2471 Lasamiglia
589 2441 622 2463 da
639 2440 769 2468 Sassuolo,
779 2439 908 2467 Modena,
926 2439 1001 2472 1916.

197 2479 207 2495 ²
227 2480 280 2504 Piii
306 2481 484 2505 brevemente
505 2481 527 2504 il
557 2482 618 2505 Chr.
641 2489 708 2513 reg..
729 2482 759 2505 in
783 2482 844 2505 RR.
874 2482 911 2505 ll.
941 2481 1002 2510 SS„

110 2521 210 2552 XVIII,
230 2529 278 2553 30:
301 2522 378 2546 “Die
398 2524 466 2555 xxvj
488 2523 554 2546 iulii
574 2524 599 2546 d.
621 2522 709 2547 Canis
729 2525 756 2546 et
775 2523 943 2547 Passarinus
957 2531 1001 2547 ve-

70 2567 79 2572 '
112 2562 125 2574 “
136 2565 239 2586 nerunt
249 2563 324 2586 circa
337 2563 478 2587 Mutinam
492 2565 519 2587 et
534 2564 573 2587 ibi
589 2565 727 2588 steterunt
741 2571 789 2587 sex
803 2564 871 2593 dies.
886 2568 912 2587 et
929 2565 1002 2588 facta

113 2603 127 2616 “
137 2605 289 2628 concordia
303 2607 490 2635 recesserunt3
506 2608 533 2629 et
547 2606 701 2629 extrinseci
716 2607 910 2629 remanserunt
923 2608 1003 2630 extra

113 2644 126 2658 “
136 2647 164 2669 et
176 2646 337 2677 gaudebant
350 2649 409 2670 suis
423 2647 506 2671 bonis
518 2656 545 2678 „2
559 2647 595 2671 cf.
609 2648 698 2671 anche
715 2648 775 2672 Chr.
784 2651 883 2678 parm..
898 2649 938 2671 ed.
951 2649 1002 2672 Bo-

111 2689 202 2715 nazzi,
222 2695 248 2720 p.
270 2687 327 2719 156.
348 2688 378 2713 11.
401 2687 486 2721 15-18.

198 2727 209 2743 ³
228 2730 354 2754 Nessuna
372 2732 589 2755 testimonianza
603 2732 631 2755 di
647 2733 735 2762 questi
752 2732 916 2763 particolari
932 2733 953 2755 si
968 2731 1004 2755 ha

112 2770 184 2795 nelle
195 2771 265 2796 altre
281 2773 354 2797 fonti
370 2773 545 2797 cronistiche
559 2772 593 2798 n'e
607 2775 651 2797 nei
666 2774 829 2797 documenti
845 2774 986 2797 modenesi
998 2783 1003 2801 ;

112 2811 171 2837 cosi
192 2813 240 2837 che
254 2814 408 2838 solamente
422 2815 448 2839 al
470 2818 568 2839 nostro
587 2816 713 2839 cronista
727 2814 783 2847 pub
798 2822 878 2839 avere
898 2816 1004 2840 attinto

112 2855 133 2878 il
153 2855 300 2880 Prisciano
321 2858 469 2882 scrivendo
483 2857 520 2889 (p.
535 2856 612 2889 365):
635 2857 733 2881 “Dum
752 2860 845 2881 tamen
860 2857 1005 2887 Principes

114 2897 194 2920 “iam
205 2897 273 2921 dicti
288 2897 428 2923 Mutinam
447 2901 538 2931 copiis
553 2900 717 2927 cinxissent,
733 2901 762 2923 in
776 2900 842 2923 urbe
857 2901 932 2931 capti
949 2899 1005 2923 fue-

114 2939 127 2951 “
139 2942 204 2964 runt
222 2941 277 2964 viri
293 2942 345 2964 xiii
366 2942 524 2973 populares.
544 2943 575 2966 in
590 2943 668 2974 queis
682 2942 848 2966 Belencinus
863 2942 895 2965 de
909 2942 1005 2965 Belen-

114 2981 127 2994 “
139 2983 210 3006 cinIs
224 2982 310 3007 Iudex
321 2986 348 3008 et
360 2983 532 3009 Cathelanus
542 2986 601 3009 eius
614 2985 707 3013 frater,
719 2985 838 3009 Ubertus
850 2985 882 3008 de
893 2985 1006 3009 Doneta

1055 2104 1068 2116 “
1079 2104 1172 2136 [leggi
1183 2103 1319 2135 Donotis]
1338 2103 1434 2132 Iudex,
1449 2102 1623 2127 Gerardinus
1637 2103 1669 2126 de
1684 2102 1852 2126 Trebanello
1870 2103 1944 2126 saber

1053 2146 1065 2159 ‘⁴
1081 2147 1213 2169 ferrarius
1227 2148 1254 2169 et
1267 2145 1365 2169 Petrus
1379 2146 1412 2168 de
1426 2145 1612 2176 Bergoncinis
1624 2154 1629 2173 ;
1644 2146 1690 2176 qui
1707 2145 1805 2168 Petrus
1819 2147 1846 2168 et
1859 2144 1946 2168 Uber—

1055 2188 1124 2212 “tus
1145 2189 1220 2212 funis
1242 2189 1355 2212 acerbos
1376 2190 1447 2212 ictus
1476 2188 1587 2220 aliquos
1608 2189 1764 2212 sostinuere
1792 2189 1819 2211 et
1843 2188 1946 2211 solutis

1056 2233 1067 2242 ‘⁴
1080 2231 1180 2254 deinde
1192 2231 1224 2254 ab
1236 2231 1290 2254 illo
1304 2231 1384 2254 libris
1397 2232 1544 2257 sexcentis,
1560 2231 1592 2254 ab
1606 2230 1689 2253 Petro
1701 2232 1793 2254 autem
1804 2230 1946 2257 tercentis,

1056 2271 1069 2284 “
1082 2273 1132 2305 viij
1154 2273 1257 2295 mensis
1278 2273 1387 2303 augusti
1409 2272 1454 2295 die
1474 2272 1629 2295 liberantur
1641 2290 1664 2302 ῃ.

1142 2312 1153 2328 ⁴¹
1174 2312 1218 2337 Cf.
1239 2314 1366 2336 addietro
1386 2313 1414 2336 la
1435 2315 1504 2337 nota
1524 2320 1538 2344 3
1559 2321 1573 2336 a
1593 2320 1618 2344 p.
1639 2312 1681 2337 81,

1141 2353 1152 2369 ⁵
1169 2354 1193 2378 11
1208 2355 1324 2378 castello
1339 2355 1368 2378 di
1382 2355 1551 2385 Dinazzano,
1568 2362 1616 2378 ora
1632 2355 1756 2378 srazione
1770 2354 1814 2378 del
1829 2361 1946 2378 comune

1055 2397 1083 2420 di
1104 2396 1272 2423 Scandiano,
1295 2397 1323 2420 fu
1344 2404 1392 2428 per
1411 2404 1466 2420 una
1494 2399 1568 2420 terza
1595 2399 1673 2427 parte
1693 2397 1792 2420 ceduto
1813 2397 1858 2420 dai
1883 2397 1945 2419 suoi

1056 2439 1164 2468 signori
1181 2438 1207 2461 al
1227 2445 1344 2461 comune
1359 2438 1388 2461 di
1401 2437 1512 2469 Reggio
1533 2437 1569 2461 fin
1590 2438 1635 2461 dal
1659 2437 1732 2465 1180,
1753 2445 1766 2461 e
1788 2438 1807 2460 il
1828 2444 1946 2461 comune

1057 2481 1084 2503 vi
1105 2487 1193 2503 eresse
1208 2482 1298 2512 prima
1312 2479 1356 2503 del
1374 2486 1440 2511 1270
1454 2488 1509 2504 una
1522 2482 1598 2503 torre
1613 2480 1638 2509 (“
1651 2481 1680 2503 in
1695 2482 1786 2504 castro
1801 2480 1834 2503 de
1848 2480 1949 2503 Dinaz-

1059 2521 1155 2546 “zano
1176 2530 1230 2546 una
1251 2523 1336 2545 turris
1363 2523 1519 2546 communis
1544 2521 1625 2553 Regii
1647 2524 1763 2554 propria
1782 2529 1845 2546 cum
1864 2523 1948 2545 tertia

1059 2565 1161 2597 “parte
1182 2566 1266 2588 castri
1279 2565 1320 2596 „)t
1340 2567 1416 2588 tutto
1437 2565 1458 2588 il
1479 2564 1596 2588 castello
1616 2563 1698 2596 passo
1719 2572 1790 2596 poco
1812 2565 1839 2588 di
1864 2565 1913 2596 poi
1935 2571 1950 2587 a

1056 2606 1208 2630 Manfredo
1229 2607 1262 2630 da
1282 2606 1424 2633 Sassuolo‚
1445 2607 1470 2630 ai
1491 2607 1666 2630 discendenti
1681 2607 1725 2630 del
1740 2607 1820 2637 quale
1834 2607 1863 2630 lo
1876 2606 1950 2630 tolse

1059 2648 1079 2671 il
1100 2655 1217 2672 comune
1237 2649 1372 2679 reggieno
1393 2648 1441 2679 (cf.
1462 2647 1656 2676 Tmmmaem,
1677 2649 1748 2676 Dia,
1762 2647 1782 2675 1.
1796 2647 1914 2679 262-64).

1146 2688 1157 2704 ⁸
1176 2690 1228 2714 Per
1247 2689 1272 2713 le
1294 2691 1367 2713 sonti
1389 2690 1452 2713 vedi
1474 2693 1543 2713 nota
1564 2697 1578 2721 3
1599 2697 1613 2713 a
1634 2697 1658 2721 p.
1681 2696 1721 2721 74.

1146 2730 1156 2747 '¹‘
1176 2732 1317 2759 Accenna,
1338 2732 1430 2760 credo,
1449 2731 1618 2755 all'esercito
1630 2732 1766 2755 milanese
1785 2731 1901 2763 guidato
1916 2732 1952 2755 da

1058 2774 1155 2798 Marco
1175 2774 1308 2798 Viscmnti
1329 2775 1358 2797 in
1380 2775 1458 2797 aiuto
1479 2774 1524 2797 dei
1549 2773 1710 2797 Ghi'oellini
1738 2774 1890 2797 fuorusciti
1916 2773 1951 2797 da

1060 2815 1185 2846 Genova,
1208 2816 1228 2839 il
1249 2816 1330 2847 quale
1350 2817 1433 2839 stette
1451 2818 1553 2839 contro
1573 2815 1666 2846 quella
1687 2814 1757 2840 citta
1778 2817 1823 2840 dal
1842 2817 1952 2848 giugno

1062 2858 1128 2892 1318
1149 2859 1174 2883 al
1194 2859 1321 2882 sebbi-aio
1344 2865 1418 2890 1319.
1437 2866 1452 2882 e
1471 2858 1642 2882 all'esercito
1663 2859 1692 2882 di
1719 2858 1887 2891 Cangrande
1906 2858 1919 2882 I
1939 2865 1953 2881 e

1062 2901 1103 2925 dei
1119 2901 1229 2933 signori
1243 2901 1278 2924 da
1292 2899 1413 2924 Camino
1434 2903 1534 2925 contro
1554 2900 1681 2925 Treviso.
1702 2901 1748 2924 dal
1763 2901 1911 2925 settembre
1925 2901 1951 2924 al

1061 2943 1200 2966 dicembre
1223 2941 1297 2973 1318.

1147 2981 1159 2999 ⁸
1178 2983 1218 3008 La
1237 2984 1396 3016 podesteria
1417 2983 1461 3007 del
1481 2983 1627 3008 Tarabotti
1643 2982 1658 3007 ὲ
1677 2984 1875 3008 documentata
1890 2984 1953 3007 sino

1974 2278 2008 2303 40

1976 2487 2007 2513 45

1981 2909 2012 2935 53

2016 897 2107 920 0380
