2370 3603
53 836 89 866 10

54 1099 90 1130 15

62 1787 93 1804 XO

69 2623 104 2648 30

71 2831 102 2858 35

112 250 197 286 [AA.
218 252 414 285 1304-1305]
724 243 980 278 IOHANNIS
1010 243 1081 278 DE
1107 241 1325 278 BAZANO

118 315 884 323 .....................................................................................

888 309 1944 321 .....................................................................................................................

199 363 367 394 Dominus
391 363 613 405 Bexanconus
637 362 678 393 de
704 361 888 404 Apignano
913 361 1066 393 Potestas
1089 360 1242 392 Mutinae
1266 360 1300 390 in
1325 359 1489 402 M.ccciiij
1523 358 1556 389 in
1587 357 1702 399 primis
1732 367 1791 388 sex
1822 355 1946 387 mensi-

112 415 173 447 bus
198 415 347 457 inceptis
371 417 405 447 in
430 415 584 447 calendis
607 415 751 446 ianuarii
767 416 786 446 ².
832 415 934 446 Dicto
959 424 1049 445 anno
1074 412 1273 445 Bonifacius
1289 412 1384 453 Papa
1400 417 1540 443 octavus
1565 416 1684 451 captus
1703 409 1769 441 fuit
1793 419 1854 450 per
1870 407 1947 439 illos

115 468 158 499 de
182 468 352 500 Columna
377 479 452 500 cum
477 468 621 499 inimicis
646 468 678 498 in
697 468 835 499 civitate
853 467 1018 510 Alagnae.
1065 466 1198 498 Eodem
1222 475 1311 496 anno
1336 471 1465 495 armata
1481 474 1582 495 manu
1599 462 1834 495 Bononienses
1851 460 1947 502 equi-

112 526 269 552 taverunt
294 519 528 552 Florentiam²
553 526 587 552 et
610 531 672 561 per
697 520 765 551 vim
792 520 968 563 fregerunt
984 526 1117 561 portam
1142 518 1336 551 Florentiae
1361 524 1394 549 et
1417 517 1525 558 ipsam
1560 521 1692 557 portam
1723 518 1947 555 suposuerunt

113 573 288 656 inolendio,
313 579 347 604 et
371 573 468 604 multi
493 573 535 604 de
561 572 662 604 dictis
686 572 957 604 Bononiensibus
979 572 1191 604 intraverunt
1215 570 1344 602 dictam
1375 575 1508 611 portam
1534 568 1678 600 civitatis
1703 573 1736 598 et
1759 566 1947 598 incolumes

116 635 152 656 re
182 632 303 657 ierunt.

113 730 261 772 inceptis
285 731 318 762 in
343 732 496 763 calendis
519 731 589 763 iulii
601 731 623 763 ³.
671 732 770 763 Dicto
795 741 885 763 anno
909 730 986 762 Axo
1010 731 1169 762 Max-chio
1187 728 1327 761 estensis
1344 728 1481 769 accepit
1504 734 1538 759 et
1561 726 1659 758 duxit
1682 735 1823 756 uxorem
1848 723 1950 754 filiam

114 783 223 825 Regis
246 783 362 816 Caroli
386 785 429 815 de
453 783 588 825 Apulea
612 791 645 815 et
671 785 713 816 ad
737 783 875 816 Pratum
900 783 1148 815 Hentencionis
1164 783 1301 813 fuerunt
1318 781 1499 823 temptoria
1515 790 1638 822 magna
1654 785 1687 810 et
1703 778 1832 809 factum
1850 776 1950 806 mira-

114 835 182 867 bile
199 836 355 868 festum⁴.
402 837 502 868 Dicto
528 847 619 868 anno
644 837 806 869 Gibertus
831 838 873 869 de
900 836 1039 880 Corigia
1064 837 1176 867 factus
1192 841 1243 867 est
1261 835 1417 867 dominus
1435 833 1580 864 civitatis
1596 832 1739 863 Parmae
1749 830 1770 862 ⁵.
1817 829 1950 860 Eodem

113 898 204 920 anno
222 889 376 921 dominus
400 890 618 922 Lanfrancus
642 891 830 933 Rangonus
854 891 938 922 obiit
961 890 1137 921 Bononiae
1163 895 1194 920 et
1219 894 1299 920 tunc
1325 887 1462 929 quidam
1479 891 1642 918 tractatus
1658 885 1700 915 de
1718 883 1855 915 civitate
1871 881 1949 913 Mu-

114 941 206 972 tinae
229 941 295 972 iam
319 942 477 983 inceptus
501 943 543 974 ab
568 954 620 981 eo,
645 954 713 986 quo
738 943 794 974 alii
817 943 977 975 volebant
1001 943 1178 984 proficere,
1203 941 1269 972 fuit
1292 940 1463 971 revelatus
1494 938 1631 970 domino
1655 935 1866 968 Marchioni:
1893 933 1949 976 qui

114 993 165 1024 illi
190 993 233 1025 de
258 995 436 1026 Boschetis
461 996 598 1028 fuerunt
624 997 714 1037 capti
739 1007 800 1037 per
824 996 997 1027 dominum
1021 995 1258 1026 Marchionem
1283 999 1317 1024 et
1340 991 1548 1024 incarcerati
1572 989 1744 1021 fuerunt⁶.

203 1047 369 1079 Dominus
393 1047 625 1080 Pantaleonus
649 1049 691 1080 de
715 1048 962 1091 Bucacharinis
987 1049 1029 1080 de
1054 1047 1173 1079 Padua
1195 1047 1352 1078 Potestas
1375 1045 1530 1076 Mutinae
1554 1044 1589 1074 in
1606 1042 1743 1074 M.cccv
1761 1052 1825 1083 per
1849 1050 1951 1071 unum

115 1110 240 1131 annum
257 1100 431 1141 inceptum
449 1101 484 1132 in
502 1101 655 1133 calendis
668 1101 814 1132 ianuarii
824 1100 845 1133 ⁷.
886 1101 925 1132 In
947 1101 1010 1132 isto
1035 1110 1124 1131 anno
1142 1099 1375 1130 Bononienses
1391 1108 1468 1128 cum
1485 1094 1735 1128 Mutinensibus
1752 1092 1955 1125 extrinsecis

118 1152 332 1184 devenerunt
355 1163 462 1195 usque
488 1154 532 1185 ad
556 1153 695 1206 Portam
721 1153 870 1190 Saliceti,
896 1160 929 1185 et
953 1158 1034 1184 tunc
1059 1152 1215 1184 dominus
1238 1150 1424 1183 Rainerius
1441 1150 1484 1181 de
1502 1148 1698 1190 Savignano
1723 1152 1874 1178 mortuus
1890 1144 1955 1176 fuit

208 1358 230 1375 1.
242 1352 385 1376 B1sentius
399 1353 433 1377 de
447 1353 593 1386 Pulagano
608 1355 652 1382 Α,;
674 1355 824 1378 Bosentius
836 1355 868 1378 de
883 1354 1024 1386 Pelagano
1038 1353 1128 1381 Mum,
1145 1353 1205 1382 Cr,3
1224 1351 1408 1375 Bexenzonus
1428 1349 1461 1372 de
1475 1349 1611 1380 Apezano
1626 1348 1665 1370 M.
1686 1359 1718 1363 —
1739 1352 1762 1377 3.
1783 1343 1924 1368 Columna
1944 1340 1957 1365 ὲ

119 1401 220 1418 correz.
239 1395 265 1418 in
285 1396 327 1423 Α..
347 1396 418 1420 della
439 1405 470 1420 m.
486 1398 535 1426 piic
562 1401 667 1427 esperta
692 1406 721 1421 su
742 1396 869 1421 Colzana
890 1410 898 1414 -
918 1396 1065 1428 Anagniae
1080 1395 1159 1419 Mun.
1179 1407 1210 1411 -—
1231 1393 1284 1426 3-6.
1304 1393 1468 1416 Eodem....
1488 1391 1640 1415 redierunt.
1660 1397 1707 1413 om.
1721 1388 1799 1412 Mun.
1819 1399 1851 1403 —·
1872 1392 1894 1416 5.
1914 1385 1955 1408 in-

119 1435 242 1482 columes
263 1437 289 1460 in
309 1436 351 1465 A„
371 1439 385 1461 ὲ
404 1447 504 1462 correz.
524 1440 596 1463 della
617 1448 648 1463 m.
663 1439 712 1469 pii(
732 1442 839 1469 experta
858 1448 886 1462 su
906 1447 938 1462 un
956 1438 1096 1468 primitivo
1115 1435 1272 1460 insaliones
1292 1448 1324 1451 —
1345 1440 1369 1465 7.
1383 1433 1416 1457 de
1430 1432 1568 1456 Turrellis
1583 1432 1622 1455 M.
1643 1444 1652 1448 -
1676 1437 1761 1462 13004
1779 1429 1814 1452 A.
1833 1440 1865 1445 —
1886 1426 1957 1457 8-13·

119 1476 208 1501 Dicto
219 1485 324 1502 anno..
336 1497 356 1503 ..
372 1480 494 1504 suerunt.
505 1489 552 1505 om.
572 1480 649 1505 MUR.
668 1494 700 1498 —
721 1488 746 1512 9.
758 1481 910 1504 Entesonis
933 1481 979 1504 Cr.
991 1492 1001 1496 -
1015 1478 1153 1510 temporIa
1167 1478 1215 1505 A.;
1230 1476 1356 1500 tentorIa
1371 1476 1416 1500 Cr.
1430 1488 1463 1492 ——-
1480 1480 1519 1497 12.
1533 1472 1675 1505 inceptus]
1689 1472 1740 1495 cosi
1758 1471 1818 1497 Cr.;
1833 1469 1954 1500 inceptis

119 1519 152 1543 A.
172 1533 205 1538 —
229 1527 268 1552 14.
288 1522 490 1556 Bucacharinis
511 1524 536 1546 in
556 1523 589 1546 A.
610 1524 623 1546 ὲ
648 1531 717 1547 corr.
730 1531 760 1546 su
773 1522 953 1546 Buchoremis
967 1522 1124 1547 cancellato:
1146 1519 1337 1543 Buzucarinus
1351 1517 1438 1547 MUR.,
1455 1517 1514 1544 Cr.;
1529 1515 1706 1540 Pizacarinis
1726 1514 1767 1537 M.
1786 1525 1795 1529 -
1819 1517 1904 1543 13005
1923 1509 1956 1533 A.

207 1613 216 1631 ¹
236 1615 399 1640 Podesteria
419 1616 615 1640 documentata
636 1616 729 1648 (Alem.
753 1622 828 1646 1304,
843 1623 869 1639 n.
893 1622 919 1639 1:
939 1616 952 1628 ‘¹
963 1615 1011 1639 dfii

121 1657 306 1691 “Bexenconi
335 1657 368 1681 de
393 1658 506 1689 Apiano
536 1659 592 1689 pot.
623 1658 725 1687 Mut.„,
752 1657 947 1689 registi-azioni
969 1657 1014 1681 dal

121 1706 134 1722 2
155 1700 278 1732 germaio
297 1699 321 1723 al
341 1706 374 1731 30
387 1699 520 1731 giugno)3
541 1707 584 1724 ma
599 1698 612 1724 ὲ
626 1700 660 1724 da
673 1700 812 1724 avvertire
824 1700 849 1723 la
866 1699 1014 1723 differenza

120 1742 251 1766 sensibile
270 1741 339 1765 della
366 1742 472 1766 notizia
498 1742 542 1766 dei
568 1742 685 1766 eronisti
705 1743 740 1766 da
760 1742 850 1773 quella
869 1741 941 1774 degli
960 1741 1014 1765 atti

120 1783 259 1814 pubblici:
289 1784 318 1807 in
344 1784 435 1814 questi
461 1785 622 1808 Besanzono
648 1784 682 1807 da
709 1784 883 1816 Appignano
911 1789 1014 1814 appare

121 1831 199 1848 corne
224 1823 340 1856 podest&
366 1832 414 1857 per
440 1827 514 1849 tutto
540 1825 634 1849 l'anno
660 1825 753 1856 (spleni.
782 1832 856 1856 1304,
884 1832 910 1848 n.
934 1830 1014 1855 1293:

125 1865 138 1878 α
150 1867 234 1891 Liber
244 1884 249 1890 .
260 1885 265 1891 .
276 1885 281 1890 .
291 1884 297 1891 .
318 1868 442 1900 ternpore
455 1868 602 1900 regiminis
616 1868 718 1892 nobilis
733 1868 834 1891 militis
848 1867 895 1891 dfii
910 1867 1015 1890 Bexan-

125 1908 213 1942 “coni
227 1909 260 1932 de
274 1908 403 1940 Pignano
417 1909 544 1933 distritus
560 1910 671 1933 Auximi
690 1909 756 1933 hon.
771 1911 828 1942 pot.
845 1909 926 1933 civit.
947 1908 1016 1932 Mut.

126 1949 139 1962 ⁸
151 1952 178 1974 et
190 1950 268 1974 distr.
282 1968 303 1982 „‚
317 1958 369 1974 con
384 1952 584 1983 registrazioni
598 1952 642 1975 dal
657 1950 684 1975 1⁰
697 1951 781 1983 luglio
795 1951 820 1975 al
833 1957 864 1983 31
877 1948 1015 1979 ottobre)·‚

123 1990 147 2016 sl
166 1993 216 2017 che
236 1993 256 2016 il
277 1994 359 2022 testo,
379 2000 429 2024 per
448 2001 535 2017 essere
559 1995 658 2022 esatto,
678 1993 814 2017 dovr-ebbe
833 1992 1017 2023 aggiungere:

125 2035 177 2059 “et
195 2035 225 2059 in
246 2035 351 2059 ultimis
370 2042 415 2059 sex
435 2036 573 2060 mensibus
592 2037 710 2066 inceptis
730 2035 758 2059 in
777 2034 903 2059 calendis
922 2033 1016 2062 iulii„.

211 2074 223 2091 ²
242 2076 372 2101 Accenna
384 2077 439 2101 alla
453 2077 679 2108 partecipazione
693 2077 735 2100 dei
751 2076 898 2108 Bolognesi
912 2075 1018 2099 all’im-

125 2125 206 2150 presa
224 2119 274 2143 che
292 2118 323 2143 fu
343 2119 422 2143 detta
442 2119 513 2143 della
533 2120 641 2149 Lastra,
662 2127 710 2151 per
728 2119 753 2143 la
773 2119 852 2150 quale
872 2119 880 2141 i
900 2117 1018 2142 Bianchi

124 2160 267 2184 florentini
281 2162 430 2185 tentarono
444 2161 471 2184 di
486 2161 625 2185 ritornare
638 2169 655 2185 a
667 2161 744 2184 forza
754 2161 824 2184 nella
837 2158 916 2188 cittii,
928 2159 1018 2183 donde

124 2209 209 2227 erano
227 2203 294 2227 stati
313 2203 433 2227 cacciati
453 2203 498 2226 dai
512 2203 578 2226 Neri
592 2204 637 2226 nel
653 2209 717 2233 1301
734 2202 782 2234 (cf.
799 2203 833 2226 D.
848 2202 1018 2230 COMPAGNI,

127 2244 213 2273 Cron„
232 2245 301 2268 ediz.
322 2246 373 2269 Del
392 2245 500 2277 Lungo,
521 2245 569 2268 lib.
590 2244 638 2273 III,
657 2252 718 2275 cap.
739 2244 779 2275 x).

213 2284 224 2301 3
243 2287 266 2310 Il
285 2287 387 2311 Turchi
407 2287 478 2318 negli
500 2287 550 2310 atti
571 2287 690 2319 pubblici
709 2287 795 2318 figura
815 2283 940 2318 podest&⁴³
962 2292 1018 2308 non

126 2336 175 2360 per
193 2329 212 2352 il
231 2329 354 2353 secondo
373 2331 504 2353 semestre
523 2329 567 2353 del
590 2336 665 2361 1304,
686 2337 730 2353 rna
749 2336 797 2360 per
817 2328 836 2351 il
861 2329 952 2359 primo
975 2327 1018 2350 del

129 2375 193 2403 1305
222 2379 236 2395 e
255 2371 275 2395 ii
301 2371 466 2395 Buzacarinl
495 2371 539 2403 pel
566 2372 697 2401 secondo,
717 2372 823 2394 mentre
852 2370 1014 2394 Besanzone

127 2412 328 2445 d'App'gnano
348 2413 460 2437 sarebbe
481 2415 555 2437 stato
575 2413 623 2445 poi
642 2413 717 2436 tolto
738 2413 756 2435 il
778 2419 845 2444 1304
864 2411 912 2443 (cf.
932 2418 959 2435 n.
976 2410 1014 2441 1);

128 2455 208 2478 Mem.
231 2460 308 2486 1305,
329 2462 377 2479 nn.
400 2462 420 2484 1,
443 2460 501 2484 205,
522 2462 584 2486 499:
608 2454 677 2478 “dni
693 2454 785 2486 Egidii
805 2454 838 2477 de
859 2452 1016 2482 Turchis„·,

128 2503 156 2520 n.
177 2501 223 2527 59:
245 2496 295 2520 ι((1.
315 2496 397 2520 Gillii
416 2497 448 2520 de
468 2496 586 2520 Turcllis
598 2514 624 2526 η,
640 2495 833 2527 registrazionl
848 2494 936 2519 dall’S
955 2501 1017 2527 gen-

127 2538 194 2561 naio
213 2538 238 2562 al
258 2545 291 2569 ²4
310 2540 431 2569 giugno3
453 2538 534 2564 Mem.
558 2544 632 2568 1304,
654 2546 700 2561 nn.
724 2537 800 2568 1496,
825 2536 899 2565 1801,
920 2543 973 2560 con
993 2536 1017 2559 le

130 2578 310 2602 intestazioni
330 2579 437 2603 dell'an.
454 2586 533 2610 1305:
549 2579 656 2604 “Liber
675 2578 879 2602 Memorialium
893 2577 1018 2601 comunis

131 2620 225 2645 “Mun
257 2621 348 2645 faetus
374 2623 500 2654 tempore
531 2620 677 2654 regiminis
703 2620 814 2644 nobillis
845 2619 944 2643 militis
970 2619 1018 2642 dfii

132 2662 250 2694 “Egidii
282 2663 316 2687 de
349 2664 466 2688 Turchis
498 2664 597 2687 honor.
627 2663 776 2695 potestatis
806 2663 859 2685 civ.
891 2661 960 2685 Μυῒ.
992 2661 1019 2684 et

132 2704 145 2717 “
156 2705 303 2729 districtus
311 2722 379 2730 .....
401 2707 429 2729 in
444 2704 573 2730 Mill.⁰ccc
586 2705 693 2737 quinto,
710 2703 805 2728 indict.
818 2703 906 2727 tercia
921 2703 948 2726 in
962 2703 1019 2733 pri-

133 2746 146 2758 “
156 2747 209 2770 mis
220 2754 265 2771 sex
275 2747 414 2771 mensibus
426 2765 438 2777 „
448 2765 454 2776 ‚
464 2755 478 2771 e
488 2754 610 2780 seguono
623 2747 646 2770 le
661 2745 855 2778 registrazioni
869 2745 913 2768 dal
928 2750 940 2775 5
955 2751 1020 2776 gen-

132 2787 198 2810 naio
218 2787 242 2822 al
265 2787 296 2811 18
315 2788 440 2820 giugno).
478 2787 585 2816 Quindi
605 2788 624 2811 il
644 2788 716 2811 testo
731 2786 773 2810 del
787 2789 883 2809 nostro
897 2786 1020 2809 cronista

132 2829 146 2855 *e
159 2830 260 2859 erratu,
273 2836 288 2853 e
300 2831 326 2855 la
337 2829 443 2854 lezione
456 2833 550 2863 giusta
563 2829 691 2854 sar-ebbe:
703 2829 752 2852 “in
770 2828 870 2851 M.cccv
885 2828 913 2851 in
925 2827 1022 2859 primis

134 2873 209 2898 “sex
229 2874 367 2899 mensibus
388 2874 506 2906 inceptis
526 2875 555 2897 in
575 2872 699 2897 calendis
718 2871 839 2894 ianuarii
853 2888 874 2899 .,.

225 2915 234 2930 ⁴
249 2916 270 2939 Il
285 2917 467 2940 matrimonio
481 2915 508 2939 di
525 2915 649 2938 Beatr‘ce
663 2911 785 2944 ‹l‘Angifi
799 2919 853 2935 con
868 2912 941 2934 ,xzzo
957 2910 1022 2933 VIII

136 2960 282 2991 riprovato
302 2966 355 2982 con
376 2959 438 2981 fiere
458 2957 555 2987 parole
576 2956 605 2979 in
620 2956 734 2983 DAN-PE,
748 2954 844 2984 Ριινὲιτ.1
859 2953 917 2977 XX.
934 2953 1023 2984 79—84,

134 3000 163 3024 fu
182 3000 321 3025 celebrato
341 3001 370 3023 in
390 2999 505 3023 Ferrara
520 2997 670 3029 nell'aprile
686 2999 750 3026 1305
766 2994 885 3019 secondo
906 2995 929 3017 le
943 2995 1023 3018 auto-

1066 1619 1153 1643 revoli
1173 1617 1388 1642 testimonianze
1413 1615 1456 1639 del
1483 1615 1543 1639 Chr.
1564 1615 1623 1638 Est.
1643 1614 1672 1636 in
1694 1613 1758 1636 ΗΕ.
1778 1612 1817 1635 ΙΙ.
1837 1610 1898 1639 SS„
1922 1609 1955 1638 X,

1066 1666 1116 1692 352
1137 1668 1151 1684 e
1171 1660 1211 1683 del
1234 1660 1295 1683 Chr.
1316 1659 1396 1689 Reg„
1417 1658 1468 1685 ivi.
1488 1656 1588 1686 XVIII,
1612 1654 1657 1679 16:
1677 1655 1702 1679 la
1721 1660 1803 1685 sposa
1822 1659 1911 1676 venne
1923 1651 1957 1675 da

1066 1703 1149 1727 Stena
1161 1709 1176 1726 a
1190 1701 1317 1729 Modena,
1332 1707 1384 1724 ove
1397 1699 1427 1724 fu
1440 1698 1512 1723 satta
1525 1705 1579 1722 una
1598 1705 1667 1730 gran
1681 1695 1751 1720 festa
1766 1696 1795 1718 in
1808 1701 1859 1718 suo
1873 1700 1959 1718 onore

1066 1744 1108 1768 sul
1130 1744 1211 1776 prato
1231 1743 1302 1766 della
1321 1742 1453 1765 Tenzone
1473 1739 1516 1771 (cf.
1538 1741 1606 1763 nota
1625 1745 1649 1768 2,
1669 1745 1684 1761 a
1704 1745 1731 1769 p.
1753 1736 1805 1767 24),
1825 1735 1874 1767 poi
1894 1742 1957 1766 pro-

1065 1783 1142 1818 segul
1162 1792 1209 1817 per
1228 1784 1345 1807 Ferrara
1365 1781 1411 1813 (cf.
1432 1782 1494 1805 Chr.
1516 1781 1618 1809 Parm„
1639 1779 1708 1803 ediz.
1728 1777 1858 1806 Bonazzi,
1878 1784 1905 1808 p.
1920 1783 1951 1807 91

1067 1828 1095 1851 ll.
1130 1826 1227 1855 10-15).
1265 1826 1305 1849 La
1334 1823 1406 1848 festa
1435 1823 1479 1848 nel
1509 1824 1589 1856 prato
1617 1820 1853 1845 dell’Intenzione
1882 1818 1910 1841 tu
1938 1818 1957 1841 il

1067 1870 1169 1901 giorno
1189 1868 1217 1892 di
1237 1868 1291 1891 San
1312 1866 1465 1896 Giovanni,
1487 1871 1520 1896 24
1538 1865 1652 1897 giugno,
1667 1863 1794 1894 presente
1815 1861 1888 1885 Azzo
1907 1859 1960 1883 VII

1067 1910 1116 1934 che
1136 1909 1166 1933 in
1185 1915 1247 1933 essa
1265 1906 1367 1931 ordino
1386 1906 1514 1939 parecchi
1533 1905 1673 1929 eavalieri.

1154 1949 1165 1965 ⁵
1179 1950 1315 1975 Ghiberto
1326 1956 1373 1972 era
1385 1949 1459 1972 stato
1473 1947 1547 1972 fatto
1561 1947 1675 1978 signore
1688 1944 1717 1968 di
1731 1945 1829 1969 Parma
1842 1943 1861 1967 il
1874 1949 1907 1973 ²4
1920 1942 1960 1966 lu-

1068 1994 1125 2025 glio
1148 1999 1230 2024 1303:
1250 1992 1294 2015 nel
1316 1997 1381 2022 1304
1400 1989 1430 2013 fu
1450 1990 1554 2019 invece,
1567 1988 1684 2012 sebbene
1699 1986 1883 2014 inutilmente,
1903 1984 1959 2016 gri-

1068 2035 1134 2059 dato
1149 2034 1262 2065 signore
1277 2032 1304 2056 di
1318 2032 1451 2055 Piacenza
1467 2037 1513 2062 per
1527 2030 1628 2060 cinque
1639 2028 1708 2052 anni
1719 2027 1765 2059 (cf.
1781 2027 1843 2052 Chr.
1857 2027 1959 2055 Parm.‚

1069 2076 1137 2100 ediz.
1157 2074 1284 2103 Bonazzi,
1306 2081 1331 2106 p.
1351 2072 1393 2103 85,
1413 2072 1438 2095 ll.
1461 2072 1548 2102 28-44,
1569 2078 1583 2094 e
1603 2078 1628 2103 p.
1648 2077 1690 2102 90,
1710 2070 1735 2093 ll.
1758 2067 1858 2099 27-28).

1158 2115 1169 2131 θ
1184 2115 1347 2140 Lanfranco
1360 2114 1499 2146 Rangoni‚
1514 2112 1587 2136 esule
1600 2112 1636 2135 fin
1651 2111 1695 2135 dal
1711 2116 1786 2141 1293,
1800 2116 1886 2133 aveva
1899 2115 1962 2141 par-

1069 2159 1192 2190 tecipato
1213 2158 1244 2181 in
1263 2156 1379 2181 servizio
1398 2155 1443 2178 dei
1463 2154 1612 2186 Bolognesi
1632 2160 1646 2176 e
1666 2153 1708 2176 dei
1723 2150 1896 2182 Parmigiani
1910 2149 1963 2173 alla

1070 2206 1169 2233 guerra
1188 2200 1287 2222 contro
1307 2196 1446 2221 l’Estense
1465 2195 1509 2219 del
1536 2194 1668 2226 1296-983
1688 2194 1737 2225 poi
1756 2193 1780 2216 si
1799 2189 1920 2222 adopero
1945 2197 1961 2214 a

1071 2241 1216 2274 pacificare
1241 2239 1266 2263 la
1291 2239 1404 2263 fazione
1429 2237 1472 2260 dei
1499 2236 1587 2260 nobili
1612 2235 1691 2268 guelfi
1710 2235 1738 2259 di
1763 2233 1883 2258 contado
1908 2240 1960 2256 con

1071 2284 1159 2317 quella
1178 2283 1222 2307 dei
1243 2282 1330 2306 nobili
1351 2281 1381 2304 di
1399 2278 1469 2304 citt&
1498 2286 1513 2303 e
1532 2278 1581 2312 piu
1601 2278 1798 2310 precisamente
1817 2277 1827 2300 i
1853 2276 1960 2308 signori

1071 2327 1106 2350 da
1125 2325 1286 2356 Savignano
1304 2323 1348 2347 coi
1368 2321 1523 2351 Boschetti3
1543 2327 1689 2352 promosse
1708 2320 1737 2343 in
1758 2318 1794 2342 tal
1814 2317 1899 2341 modo
1924 2324 1961 2340 un

1069 2368 1188 2392 trattato
1209 2373 1258 2398 per
1277 2366 1411 2388 sottrarre
1432 2363 1552 2387 Modena
1572 2362 1598 2386 al
1618 2361 1742 2385 dominio
1758 2360 1785 2383 di
1800 2360 1873 2383 Azzo
1887 2357 1962 2387 VIII,

1068 2409 1184 2433 trattato
1203 2407 1261 2436 che,
1283 2407 1376 2429 morto
1394 2405 1442 2433 lui,
1461 2404 1501 2435 gli
1518 2404 1585 2427 altri
1597 2402 1759 2434 congiurati
1774 2408 1832 2425 non
1846 2406 1962 2431 seppero

1069 2453 1149 2475 tener
1168 2449 1315 2477 nascost03
1334 2445 1357 2470 si
1375 2447 1423 2470 che
1443 2446 1462 2470 il
1481 2445 1622 2469 marchese
1642 2443 1668 2467 d’
1676 2445 1741 2467 Este
1761 2450 1795 2466 ne
1820 2441 1852 2466 fu
1875 2440 1963 2465 infor-

1070 2493 1145 2516 mato
1164 2498 1178 2514 e
1199 2489 1332 2522 provvide
1350 2489 1375 2512 al
1395 2488 1491 2520 riparo
1512 2486 1629 2511 tacendo
1648 2486 1785 2510 arx-estare
1805 2485 1824 2508 il
1844 2489 1964 2507 vescovo

1072 2533 1234 2557 Bonadamo
1254 2530 1396 2555 Boschetti
1415 2537 1430 2553 e
1449 2529 1512 2553 altri
1527 2529 1598 2552 della
1616 2535 1665 2552 sua
1685 2526 1813 2559 famiglia
1827 2525 1875 2556 (cf.
1889 2525 1965 2553 Tm„

1073 2577 1164 2605 Mem„
1178 2575 1214 2603 ΙΙ,
1230 2574 1305 2605 145):
1319 2574 1406 2598 anche
1421 2573 1512 2604 questi
1526 2571 1615 2595 ultimi
1629 2570 1695 2595 fatti
1709 2569 1811 2594 furono
1825 2567 1870 2592 nel
1889 2570 1965 2599 1305.

1160 2617 1171 2634 ⁷
1191 2616 1298 2644 Questa
1317 2615 1474 2648 podesteria
1494 2612 1507 2637 ὲ
1526 2614 1660 2637 attestata
1679 2611 1753 2643 dagli
1766 2611 1820 2635 atti
1835 2608 1965 2642 pubblici‚

1074 2668 1118 2684 ma
1137 2659 1290 2684 solamente
1311 2664 1360 2689 per
1379 2656 1470 2688 quello
1489 2655 1540 2679 che
1558 2654 1589 2678 fu
1609 2654 1636 2677 di
1656 2653 1738 2682 fatto,
1757 2650 1818 2676 cioe
1831 2658 1881 2682 per
1894 2651 1914 2674 il
1926 2656 1967 2674 se-

1073 2701 1163 2726 condo
1184 2701 1315 2724 semestre
1335 2698 1374 2722 del
1397 2703 1462 2728 1305
1485 2697 1573 2728 (Mem.
1591 2701 1665 2728 1305,
1683 2703 1708 2719 n.
1729 2694 1793 2726 763:
1816 2693 1829 2705 ‘¹
1842 2694 1966 2724 tempore

1074 2742 1243 2775 “regiminis
1269 2741 1372 2765 nobilis
1397 2739 1498 2763 militis
1523 2739 1571 2763 dfii
1599 2737 1763 2762 Pantalioni
1788 2736 1888 2759 honor.
1915 2735 1963 2766 pot

1076 2783 1088 2796 ‘¹
1101 2784 1178 2808 civit.
1200 2783 1266 2807 Mur.
1287 2784 1315 2806 et
1328 2781 1405 2805 distr.
1419 2789 1446 2810 „3
1462 2788 1509 2804 nn.
1526 2780 1601 2809 1088,
1617 2778 1700 2811 1368:
1722 2777 1793 2801 “dfii
1806 2775 1967 2800 Pantalioni

1077 2826 1090 2839 *ί
1101 2826 1134 2850 de
1154 2823 1394 2859 Bucacharellis„3
1410 2830 1437 2847 n.
1460 2826 1524 2853 1597
1535 2821 1586 2845 bis:
1607 2820 1620 2834 “
1631 2821 1680 2844 dfii
1693 2818 1855 2844 Pantalioni
1869 2817 1903 2841 de
1917 2817 1968 2840 Bu-

1078 2865 1259 2900 “9acharinis
1278 2865 1310 2888 de
1328 2864 1424 2888 Padua
1437 2863 1477 2894 „);
1497 2862 1523 2886 di
1538 2861 1620 2886 modo
1635 2862 1683 2885 che
1703 2867 1753 2891 per
1772 2866 1862 2883 essere
1876 2858 1969 2882 esatto

1078 2909 1096 2931 il
1109 2910 1181 2931 testo
1193 2907 1331 2931 (iovrebbe
1346 2906 1362 2929 d
1377 2914 1418 2929 re:
1432 2905 1484 2927 “in
1498 2905 1600 2928 M.cccv
1616 2903 1644 2926 in
1657 2902 1761 2926 ultimis
1770 2909 1817 2925 sex
1829 2899 1969 2923 mensibus

1077 2950 1219 2980 “inceptis
1240 2950 1267 2972 in
1288 2948 1410 2972 calendis
1431 2946 1501 2970 iunii
1514 2955 1543 2976 „z
1564 2945 1659 2969 infatti
1674 2946 1697 2968 le
1712 2942 1907 2976 registrazioni
1927 2941 1969 2964 del

1078 2993 1158 3016 Mem.
1182 2996 1256 3022 1305,
1277 2991 1351 3013 sotto
1371 2989 1389 3012 il
1404 2996 1454 3012 suo
1470 2995 1559 3011 nome.
1574 2993 1668 3010 vanno
1683 2986 1726 3010 dal
1740 2991 1754 3009 2
1768 2984 1856 3016 luglio
1870 2984 1901 3007 in
1913 2984 1970 3016 poi.

1983 1611 2018 1635 40

1988 1820 2019 1846 45

1991 2031 2023 2057 50

1991 2238 2022 2262 55

1992 2442 2026 2466 60

1998 2864 2031 2889 70
