2370 3603
85 523 101 555 5

64 787 101 818 10

57 1047 93 1080 15

48 1313 90 1345 20

45 1938 76 1956 10

42 2147 70 2173 ¹5

35 2358 69 2376 20

31 2567 62 2593 25

27 2776 61 2802 30

132 203 213 236 [ΛΑ.
236 208 430 244 1327-13281

740 215 993 255 IOHANNIS
1022 221 1091 255 DE
1119 224 1337 263 BAZANO

436 328 501 360 fuit
517 331 641 363 murari
659 339 692 364 et
709 334 745 365 in
763 336 893 369 duobus
917 341 1013 372 annis
1029 345 1247 386 sequentibus
1275 356 1404 381 murata
1421 351 1486 383 fuit
1510 359 1580 386 tota
1595 355 1613 387 ¹.

1654 357 1752 391 Tunc
1769 360 1953 395 dominium

129 369 318 406 Mediolani
352 386 531 420 acceptum
557 383 619 415 fuit
643 384 780 418 domino
805 389 955 432 Galeaco
980 394 1022 425 de
1049 395 1229 429 Vescontis
1254 410 1315 441 per
1338 402 1508 435 dominum
1538 407 1780 448 Imperatorem
1806 413 1955 447 Ludovi-

129 433 204 454 cum
229 425 283 456 die
302 439 321 458 v
348 429 433 468 iulii,

458 439 491 464 et
516 439 596 466 tunc
620 436 691 477 ipse
716 445 748 470 et
765 440 889 473 fratres
914 444 985 476 eius
1010 449 1097 488 capti
1118 455 1150 481 et
1167 450 1372 484 incarcerati
1398 455 1568 490 fuerunt².

1610 460 1711 494 Dicto
1736 471 1889 507 tempore
1914 469 1958 500 de

127 485 241 508 mense
260 479 450 514 decembris
474 485 620 530 Burgum
639 488 756 522 Sancti
772 492 898 525 Donini
918 497 1031 529 datum
1049 501 1113 532 fuit
1128 503 1285 543 gentibus
1308 506 1493 545 Ecclesiae,
1517 512 1572 552 qui
1597 520 1759 548 steterant
1783 517 1816 549 in
1841 519 1953 553 obses-

127 536 199 559 sum
224 529 270 561 ibi
288 542 351 572 per
367 536 519 575 spacium
538 540 634 571 unius
650 544 729 573 anni
749 550 781 575 et
797 545 883 577 ultra
897 546 916 579 ³.

964 550 1006 582 Et
1023 552 1066 583 de
1082 563 1196 585 mense
1225 556 1418 591 decembris
1435 561 1555 594 civitas
1572 564 1706 597 Pistorii
1723 577 1866 611 accepta
1888 572 1954 605 fuit

124 589 183 619 per
208 580 423 619 Florentinos
447 600 509 629 pro
525 593 724 632 prodicione
748 599 908 637 praefato
934 601 1111 637 Castrucio
1136 607 1273 639 domino
1298 610 1550 653 Luchanorum,
1576 618 1631 658 qui
1656 629 1730 651 eam
1754 623 1892 655 tenebat
1904 625 1925 657 ⁴.

211 633 375 669 Dominus
398 639 591 682 paganinus
612 645 654 676 de
680 647 841 682 Tocholis
857 655 1053 693 praedictus
1076 657 1207 690 Rector
1232 660 1386 695 Mutinae
1409 676 1473 706 pro
1498 668 1654 702 Ecclesia
1676 672 1833 706 Romana
1856 686 1954 718 prae-

123 684 214 717 dicto
237 689 339 720 modo
364 690 410 731 [in
433 693 665 740 M.cccxxviij]
688 710 750 741 pro
774 712 832 734 sex
857 707 1026 739 mensibus
1050 709 1125 741 aliis
1148 711 1293 754 inceptis
1316 715 1349 746 in
1367 717 1520 751 calendis
1541 721 1683 754 ianuarii
1696 724 1717 756 ⁶.
1763 727 1862 759 Tunc
1887 729 1953 761 Im-

121 744 259 777 perator
282 740 478 777 Ludovicus
494 747 630 781 intravit
647 751 793 785 Romam
812 756 865 788 die
884 758 926 799 w‘j

125 788 252 822 ibidem
274 803 337 834 per
367 795 442 828 illos
466 799 509 830 de
534 800 700 844 Colupna,

121 841 201 874 data
221 844 291 880 ,fuit
315 847 406 880 dicto
432 851 568 884 domino
591 854 723 898 Legato

944 760 1085 792 ianuarii
1103 773 1178 794 cum
1197 767 1354 806 praefato
1372 770 1510 803 domino
1527 773 1780 817 Luchanorum‚
1793 788 1952 823 receptus

726 808 872 848 expulsis
896 816 976 843 tunc
1001 814 1044 845 de
1060 813 1172 848 'Urbe
1198 817 1265 849 illis
1289 820 1331 851 de
1363 822 1493 856 Ursinis
1506 824 1526 857 ⁶.

747 869 808 900 per
832 861 1051 896 Franciscum
1075 867 1118 898 de
1143 869 1335 904 Manfredis
1352 880 1431 905 tunc
1448 877 1619 910 dominum
1644 881 1756 915 dictae
1772 884 1917 919 civitatis
1929 887 1950 920 ⁷.

1574 827 1673 860 Tunc
1689 830 1808 864 civitas
1823 833 1950 868 Imolae

207 896 372 931 Dominus
388 901 512 935 Hettor
535 905 578 937 de
595 906 724 941 Panico
739 911 789 942 vir
806 914 927 947 nobilis
943 915 1076 949 Rector
1091 920 1244 954 Mutinae
1255 935 1319 965 pro
1336 926 1494 960 Romana
1511 930 1666 965 Ecclesia
1683 934 1719 966 in
1731 937 1949 984 M.cccxxviij

119 946 153 977 in
169 948 293 982 ultimis
308 962 367 983 sex
383 956 554 989 mensibus
571 958 714 1002 inceptis
729 963 763 994 in
781 966 933 999 calendis
949 969 1021 1001 iulii
1035 970 1056 1002 ⁸.

1095 973 1194 1005 Tunc
1211 977 1266 1019 xvj
1285 979 1416 1019 augusti
1430 978 1441 995 ⁹
1457 989 1556 1023 capta
1573 985 1637 1016 fuit
1655 986 1772 1020 civitas
1786 989 1949 1024 Mantuae

118 998 255 1033 domino
279 1002 460 1039 Passarino
483 1009 526 1041 de
550 1011 747 1047 Bonacolsis
771 1023 805 1049 et
820 1018 887 1051 filio
905 1031 966 1062 per
984 1023 1157 1056 dominum
1174 1026 1339 1060 Aluisium
1357 1032 1400 1062 de
1418 1033 1583 1077 Goncaga
1606 1037 1664 1079 [et]
1679 1049 1741 1080 per
1756 1042 1843 1075 filios
1866 1044 1947 1083 eius,

117 1053 240 1085 auxilio
264 1055 397 1089 illorum
423 1060 514 1093 della
539 1063 650 1103 Scala,
669 1074 702 1099 et
720 1078 883 1110 ceperunt
901 1073 1011 1114 ipsum
1029 1076 1201 1110 dominum
1222 1080 1436 1116 Passarinum
1452 1087 1664 1122 vulneratum
1682 1098 1717 1124 et
1732 1093 1836 1126 filium
1852 1107 1947 1128 suum

118 1110 151 1136 et
166 1105 252 1138 filios
267 1107 444 1151 Butfflroni
461 1120 495 1145 et
510 1115 678 1150 duxerunt
690 1120 777 1159 illos,
793 1132 855 1164 per
871 1124 945 1157 illos
958 1127 1000 1158 de
1017 1128 1223 1170 Mhaudula,
1241 1134 1286 1165 ad
1302 1141 1448 1169 castrum
1465 1139 1686 1174 Castellarii¹⁰

117 1165 233 1189 omnes
257 1160 432 1196 interfecti
442 1178 450 1202 ς

1704 1151 1736 1177 et
1749 1145 1796 1178 ibi
1808 1148 1947 1182 fuerunt

114 1209 270 1244 dominus
293 1213 583 1261 Al[b]erghetinus
608 1224 650 1255 de
667 1225 861 1260 Manfredis
877 1231 1035 1265 dominus
1050 1235 1196 1268 civitatis
1211 1239 1239 1269 F
1240 1241 1394 1273 aventiae
1418 1253 1452 1274 se
1470 1249 1693 1281 concordavit
1716 1261 1792 1283 cum
1809 1253 1944 1287 domino

113 1262 244 1305 Legato
263 1272 295 1297 et
311 1271 445 1311 accepit
460 1272 505 1303 ibi
522 1273 692 1308 Vicariam
709 1289 772 1320 pro
790 1280 958 1321 Ecclesia,

975 1287 1152 1320 retinendo
1170 1290 1202 1321 in
1220 1302 1255 1323 se
1274 1295 1460 1327 custodiam
1479 1298 1626 1331 civitatis
1641 1301 1756 1335 dictae
1771 1303 1804 1336 ¹².
1844 1306 1943 1339 Tunc

113 1314 260 1350 decessit
277 1319 432 1354 dominus
451 1323 643 1360 Castrucius
661 1330 817 1365 dominus
829 1333 1069 1371 Luchanorum
1084 1341 1140 1372 die
1153 1344 1260 1375 tercio
1272 1348 1502 1387 septembriS3'
1518 1357 1551 1382 et
1567 1358 1648 1384 tunc
1665 1356 1859 1396 praedictus
1877 1359 1942 1391 Im-

197 1488 221 1512 3.
234 1487 367 1509 carcerati
383 1487 468 1516 Mun..
484 1490 529 1514 Cr.

109 1524 136 1546 iu
160 1529 248 1555 questo
267 1536 326 1552 caso
344 1532 415 1554 uella
434 1533 543 1557 simassi
560 1537 605 1560 del
631 1542 715 1568 tempo
735 1553 766 1557 -—
786 1543 933 1576 steterant]
953 1545 1003 1570 cos}

109 1575 156 1592 om.
171 1568 257 1600 Mun„
272 1580 285 1593 e
300 1574 344 1597 Cr.
359 1587 390 1590 —
405 1575 428 1599 6.
444 1578 608 1608 predicione
626 1582 659 1605 A.
682 1597 713 1601 —
734 1583 756 1607 8.

550 1505 581 1509 —
601 1500 626 1524 4.
648 1494 708 1526 qui]
727 1503 797 1526 quae
819 1506 886 1523 corr.
908 1500 994 1530 Μυκη
1015 1504 1068 1534 Cr„
1091 1513 1132 1529 ma
1152 1507 1179 1530 la
1198 1516 1297 1533 corre:.
1317 1511 1330 1533 ὲ
1349 1514 1483 1545 superflua
1491 1517 1589 1544 perch&
1608 1518 1631 1540 il
1647 1520 1769 1544 maschuc
1789 1521 1802 1544 ὲ
1815 1531 1940 1548 ammesso

1032 1547 1117 1577 Mun„
1139 1550 1198 1579 (ἰν-,ς
1218 1553 1333 1578 steterat
1353 1555 1386 1578 Α.
1406 1569 1437 1573 —
1458 1557 1511 1587 5-6.
1531 1559 1566 1583 Et
1591 1560 1624 1584 de
1649 1569 1803 1589 mense....
1823 1568 1935 1592 tenebat

777 1585 853 1610 Mun.
875 1597 887 1611 e
909 1589 952 1612 Cr.
973 1598 1040 1622 agg.
1061 1593 1148 1616 l'amm
1171 1603 1218 1618 non
1237 1599 1281 1620 nel
1299 1599 1377 1630 luogo
1397 1606 1523 1632 consueto,
1543 1605 1609 1628 dove
1629 1607 1768 1632 l’abhiamo
1786 1618 1867 1634 messa
1886 1613 1935 1643 noi,

110 1620 151 1635 ma
170 1614 235 1644 dopo
255 1616 378 1642 ianuarii
397 1624 540 1646 ometteudo
561 1625 590 1647 in
611 1639 641 1643 —
661 1634 686 1658 9.
701 1636 716 1651 a
730 1630 858 1659 praefato
878 1632 955 1658 MUR.
973 1635 1119 1660 sostitm'sce
1139 1636 1304 1665 Castruccio
1318 1643 1522 1670 evidentemente
1537 1650 1633 1677 perch&
1645 1652 1678 1674 Ιια
1692 1659 1738 1676 om.
1759 1654 1783 1676 le
1800 1655 1880 1686 righe
1891 1657 1938 1685 5-6

109 1669 141 1673 -
155 1664 226 1688 9-10.
241 1666 292 1684 rec.
312 1664 339 1685 et
358 1663 427 1688 ibid.
447 1666 479 1689 Α.
503 1679 531 1683 -
554 1674 593 1692 10.
613 1668 752 1696 Columna
772 1681 839 1698 corr.
860 1675 950 1705 Mum
972 1677 1042 1703 Cola

107 1705 209 1731 sempre
229 1703 332 1736 dapina
354 1721 384 1725 —
407 1715 445 1733 11.
466 1712 532 1735 tunc
545 1721 614 1737 corr.
635 1715 694 1744 Cr.;
716 1724 788 1741 nunc
807 1719 853 1748 Α.;
873 1728 919 1744 om.

111 1743 149 1767 16.
170 1745 303 1772 Butironi
322 1750 407 1781 Mun„
429 1754 472 1778 Cr.
494 1768 501 1772 -

107 1796 175 1813 corr.
200 1791 291 1820 MUR.;
311 1794 438 1820 Mutinae
458 1798 497 1828 A„
520 1800 566 1824 Cr.

107 1831 250 1859 vicariurn
266 1840 338 1866 pare
355 1847 424 1864 corr.
443 1850 471 1865 su
492 1843 633 1870 VIcariam

191 1936 197 1952 ¹
218 1939 287 1963 Dice
308 1941 328 1963 il
349 1940 468 1968 Griffoni
490 1944 581 1976 (Mem.
595 1950 662 1980 hist„
683 1952 750 1975 ediz.
770 1953 990 1986 Sorbelli·F1-ati‚

101 1985 128 2008 p.
148 1986 189 2011 37,
210 1980 227 2004 l.
248 1981 300 2012 43),
321 1984 369 2007 che
390 1984 545 2013 “dominus
564 1990 671 2022 legatus
692 1993 758 2018 fecit
772 1999 874 2021 murari
890 2000 989 2024 civita-

105 2019 182 2044 “tem
203 2021 356 2056 Bononiae,
377 2029 467 2052 tamen
489 2031 549 2055 sine
572 2034 700 2065 merlis„.
738 2037 856 2063 Intorno
883 2040 987 2065 all'ere-

100 2062 181 2086 :ione
207 2063 279 2088 delle
305 2073 381 2091 mura
402 2069 546 2101 bolognesi
569 2081 638 2097 sono
658 2077 737 2100 molti
760 2079 919 2105 documenti
942 2085 984 2106 nei

99 2104 202 2128 decreti
224 2106 268 2130 del
288 2109 361 2133 card.
382 2110 536 2137 Bertrando
557 2114 598 2145 (R.
619 2116 712 2142 Aaou.
733 2126 761 2143 ni
781 2120 826 2145 ST.
847 2129 878 2146 m
897 2123 985 2155 Bon),

188 2144 199 2161 Ε
217 2146 364 2174 Ludovico
386 2151 406 2174 il
427 2153 542 2186 Bavaro,
569 2157 655 2182 eletto
675 2167 703 2183 re
723 2161 765 2184 (lei
782 2162 901 2188 Romani
922 2168 985 2189 sino

98 2186 143 2210 dal
167 2195 239 2219 1314,
261 2191 365 2216 discese
386 2195 414 2217 in
436 2195 517 2220 Italia
538 2199 582 2222 nel
605 2206 668 2233 1327
689 2203 720 2225 ecl
736 2203 817 2227 entro
833 2207 860 2229 in
876 2207 984 2232 Milano

99 2229 119 2251 il
142 2229 173 2253 16
193 2235 311 2264 maggio,
333 2236 441 2260 accolto
462 2246 513 2262 con
527 2242 626 2270 grandi
642 2245 721 2267 onori
738 2245 772 2268 da
787 2244 923 2272 Galeazzo
939 2250 985 2273 Vi-

97 2274 197 2299 sconti.
219 2275 245 2297 al
266 2276 346 2305 quale
366 2279 510 2303 consermo
532 2281 557 2305 la
581 2284 706 2313 signoria
729 2287 802 2311 della
824 2288 905 2317 cittiu
926 2294 982 2322 poi.

96 2319 174 2343 presa
194 2315 221 2339 la
241 2324 344 2342 corona
366 2319 451 2344 ferrea
468 2322 487 2345 il
507 2330 537 2353 31
555 2327 674 2355 maggio,
690 2335 704 2351 a
720 2336 755 2351 un
771 2331 858 2354 tratto
873 2333 981 2357 cambio

94 2355 220 2386 politica,
240 2366 254 2382 e
275 2359 346 2383 fatto
367 2366 500 2387 arrestare
520 2364 654 2391 Galeazzo
675 2371 716 2392 coi
735 2371 837 2395 fratelli
854 2373 980 2400 Luchino

94 2403 108 2420 e
127 2396 271 2423 Giovanni
293 2409 306 2424 e
326 2402 369 2425 col
389 2403 467 2435 figlio
488 2406 572 2437 Azzo,
595 2409 695 2433 revoco
718 2413 723 2434 i
750 2413 877 2439 V1sc0nti
905 2417 979 2442 dalla

94 2439 234 2470 signoria:
254 2441 298 2466 ο1ὸ
319 2451 452 2476 avvenne,
475 2450 594 2473 secondo
614 2451 639 2474 le
660 2452 730 2476 altre
751 2455 833 2480 sonti.
857 2457 874 2479 il
892 2459 980 2483 2011}-

92 2479 160 2510 glio,
182 2489 238 2506 non
259 2484 280 2507 il
301 2491 313 2515 5
334 2493 410 2510 come
430 2488 464 2512 ha
491 2489 517 2513 la
545 2494 640 2516 nostra
666 2501 791 2524 cronaca,
823 2498 978 2524 sors'anche

92 2529 140 2552 per
158 2531 250 2548 errore
269 2526 432 2552 dell’antieo
453 2533 569 2562 copista.

178 2563 189 2580 ³
202 2565 343 2592 L'assedio
358 2570 385 2593 di
398 2570 490 2602 Borgo
503 2573 558 2597 San
568 2575 706 2601 Donnino
720 2586 764 2603 era
777 2582 977 2608 incominciato

91 2606 111 2630 ll
133 2613 165 2638 ²4
185 2609 291 2640 giugno
313 2617 377 2642 1325
399 2611 472 2643 (Chr.
488 2618 586 2647 parm„
613 2619 680 2642 ediz.
708 2620 839 2653 Bonazzs‘,
868 2632 892 2655 p.
920 2626 974 2657 178,

90 2647 109 2672 l.
126 2647 180 2680 12);
200 2648 259 2674 cos)
279 2652 327 2676 che
347 2653 418 2677 duro
438 2654 488 2686 piu
507 2658 534 2680 di
557 2666 592 2682 un
615 2667 696 2684 anno.

176 2691 188 2707 ⁴
207 2690 251 2715 Cf.
272 2691 306 2716 G.
327 2694 460 2727 VxLLAN1,
479 2699 531 2729 Cr„
547 2699 579 2730 X,
596 2700 635 2732 58,
657 2703 706 2726 che
721 2711 792 2734 pone
807 2706 834 2730 la
848 2714 974 2739 sorpresa

88 2730 116 2754 di
137 2731 245 2758 Fistula
262 2734 290 2758 al
312 2735 344 2759 28
363 2740 484 2768 germaio
508 2740 581 2771 1328,
601 2742 627 2766 la
648 2744 730 2774 quale
749 2753 876 2772 avvenne
897 2757 973 2775 vera-

88 2775 179 2796 mente
192 2774 220 2798 la
234 2778 312 2800 notte
325 2777 370 2801 del
386 2785 417 2811 ²7
433 2780 458 2803 al
474 2780 506 2804 28
519 2785 650 2813 germaio.
688 2785 733 2810 Cf.
750 2788 826 2812 lstor.
836 2791 970 2822 pistorem}

86 2813 155 2837 ediz.
177 2814 268 2847 Bai-bi,
288 2825 332 2850 pp.
357 2819 477 2849 116-118.
499 2827 564 2848 nota
582 2832 602 2849 1.

173 2854 184 2871 ⁶
205 2858 249 2881 Cf.
270 2865 351 2890 sopra
372 2862 398 2885 la
419 2866 485 2887 nota
506 2871 528 2896 7,
551 2873 576 2896 p.
597 2866 638 2898 96.
958 2900 959 2903 ,

173 2896 182 2909 ⁸
201 2899 223 2922 Il
243 2899 350 2925 Bavaro
370 2904 450 2927 entro
467 2907 493 2929 in
509 2906 597 2932 Roma
620 2910 639 2932 il
661 2916 673 2941 7
694 2915 815 2942 germaio
839 2915 911 2946 1328,
926 2918 969 2940 col

86 2938 180 2962 favore
201 2942 227 2963 di
249 2942 356 2967 Sciarra
378 2946 516 2977 (solenni,
543 2950 570 2972 di
591 2950 696 2982 Jacopo
716 2954 820 2978 Savelli
842 2964 854 2979 e
874 2958 902 2980 di
924 2958 969 2981 Ti-

215 3028 246 3052 T.
265 3030 325 3059 XV,
344 3039 370 3064 p.
390 3039 421 3057 1v
442 3047 474 3051 ——
494 3042 517 3067 7.

941 1722 1016 1746 Mun.
1038 1737 1069 1741 —
1091 1732 1131 1750 12.
1151 1727 1256 1752 Pancio
1271 1731 1302 1753 Α.
1318 1744 1349 1748 —

522 1755 588 1780 illos
608 1765 656 1789 per
674 1759 752 1791 illos]
774 1762 840 1786 illos
860 1763 905 1788 ilii
927 1765 1003 1790 MUR.
1024 1781 1055 1785 —
1079 1776 1118 1801 17·
1132 1770 1274 1804 Aluisius]
1293 1773 1456 1801 Lodovicus
1475 1780 1515 1806 A..
1535 1779 1588 1810 Cr.‚
1607 1782 1683 1807 th.
1699 1797 1706 1801 -
1726 1784 1869 1818 Mantuae]
1884 1789 1934 1812 cosi

586 1814 617 1818 —
641 1801 680 1827 18.
706 1805 887 1837 Alegretinus
913 1809 999 1840 Μυκη
1020 1813 1064 1837 Cr.
1086 1826 1116 1830 ——

1045 1681 1113 1712 pina
1133 1682 1173 1713 Α.,
1198 1684 1240 1707 Cr.
1263 1693 1276 1708 e
1294 1685 1344 1710 cosi
1357 1696 1430 1718 quast
1444 1694 1544 1720 sempre
1558 1694 1590 1716 Ιια
1603 1694 1643 1723 A„
1656 1702 1724 1719 come
1732 1700 1786 1726 per
1799 1697 1890 1730 dapna
1904 1701 1937 1724 lm

1367 1739 1406 1764 14.
1419 1736 1447 1757 et
1460 1737 1556 1760 avanti
1568 1746 1583 1760 a
1598 1744 1646 1770 per
1660 1747 1727 1772 agg.
1742 1741 1827 1771 Μυκη
1842 1744 1888 1768 Cr.
1903 1757 1934 1762 —

1140 1821 1178 1845 19.
1204 1817 1344 1842 Vicariam
1366 1822 1445 1845 anche
1475 1823 1533 1851 Cr.;
1554 1824 1697 1851 vicarium
1727 1828 1816 1858 Μυιι.;
1846 1832 1871 1854 in
1900 1832 1932 1856 A.

1044 1960 1127 1984 baldo
1147 1962 1181 1986 da
1200 1962 1437 1998 Sant’Eustacffio,
1453 1969 1501 1992 che
1518 1970 1531 1983 α
1542 1978 1625 1995 erano
1640 1975 1705 1997 stati
1720 1977 1836 2006 cagione
1856 1978 1929 2003 della

1045 2002 1247 2028 “revoluzione
1266 2007 1294 2029 di
1315 2006 1402 2032 Roma
1422 2018 1436 2033 e
1450 2013 1564 2036 cacciati
1586 2014 1720 2039 n'aveano
1740 2017 1779 2048 gli
1801 2017 1899 2043 Orsini
1913 2028 1928 2044 e

1045 2043 1058 2056 “
1069 2052 1184 2069 messere
1203 2046 1318 2072 Stesano
1338 2050 1411 2074 della
1433 2051 1563 2077 Colonna
1577 2055 1599 2078 e'
1612 2055 1750 2087 figliuolo,
1764 2061 1839 2084 tutto
1853 2061 1927 2086 fos-e

1044 2085 1057 2097 “
1070 2086 1181 2109 fratello
1202 2089 1311 2113 carnale
1331 2091 1374 2114 del
1395 2093 1472 2117 detto
1495 2094 1628 2127 Sciarra„
1649 2097 1695 2130 (G.
1722 2099 1855 2132 V1LLAN1‚
1877 2103 1924 2133 ivi,

1040 2126 1073 2154 X·
1096 2127 1146 2159 54)⁴

1130 2170 1137 2185 Τ
1151 2172 1194 2195 Cf.
1206 2174 1272 2196 Anu.
1284 2180 1442 2203 caesenales.
1456 2179 1484 2200 in
1497 2179 1560 2203 RR.
1579 2181 1615 2204 ΙΙ.
1629 2182 1686 2212 SS,
1699 2182 1770 2214 ΧΠ,
1783 2185 1836 2209 col.
1851 2193 1924 2220 1147.

1126 2211 1137 2228 ⁸
1156 2213 1179 2236 11
1199 2219 1280 2239 conte
1300 2216 1396 2241 Ettorc
1415 2219 1449 2242 da
1468 2220 1573 2245 Pani-:o
1594 2225 1676 2248 tenne
1697 2226 1717 2249 il
1739 2228 1874 2253 rettorato
1894 2229 1922 2254 dl

1039 2253 1157 2278 Modena
1178 2257 1240 2279 sino
1261 2257 1315 2281 alla
1337 2258 1388 2282 fine
1407 2261 1452 2284 dei
1475 2268 1553 2294 1329:
1573 2271 1587 2287 e
1607 2265 1626 2288 il
1648 2273 1697 2290 suo
1717 2269 1890 2299 reggimento
1909 2270 1924 2295 ὲ

1039 2295 1207 2325 largameute
1236 2300 1432 2325 doeumentato
1463 2303 1564 2334 ollem..
1591 2313 1614 2330 a.
1645 2307 1716 2339 1328,
1740 2309 1760 2340 Ι,
1792 2319 1838 2335 ηη.
1867 2319 1922 2341 112,

1038 2336 1094 2367 781,
1112 2337 1173 2370 782:
1189 2347 1210 2363 a.
1229 2347 1300 2372 1329,
1323 2349 1369 2365 nn.
1382 2342 1441 2375 367,
1464 2345 1555 2377 2154);
1571 2347 1596 2371 al
1612 2355 1636 2372 n.
1651 2356 1682 2380 9²
1699 2351 1792 2376 dell'a.
1814 2353 1879 2384 1328
1899 2356 1921 2378 si

1036 2378 1069 2401 hn
1091 2379 1111 2402 ll
1132 2388 1226 2404 nome:
1248 2382 1374 2413 “egregii
1397 2386 1535 2417 multeque
1556 2389 1716 2415 nobilitatis
1741 2396 1767 2416 et
1792 2396 1921 2425 potencie

1038 2420 1049 2432 ¹⁴
1064 2422 1115 2443 viri
1137 2421 1246 2446 Ectoris
1266 2426 1378 2448 comitis
1399 2427 1431 2450 de
1454 2426 1557 2452 Panico
1577 2431 1610 2454 de
1636 2431 1764 2458 Bononia
1784 2443 1834 2466 pro
1853 2435 1919 2461 San-

1037 2462 1103 2486 “cta
1124 2462 1248 2488 Romana
1279 2466 1400 2491 Ecclesia
1427 2472 1576 2500 potestatis
1595 2476 1622 2497 et
1652 2477 1767 2500 rectoris
1793 2479 1920 2503 civitatis

1018 2505 1023 2506 ⁷
1036 2504 1047 2516 *¹¹
1062 2505 1168 2529 Mutine
1180 2524 1202 2536 η.

1119 2545 1130 2561 ⁹
1148 2548 1324 2573 Discordnno
1347 2551 1365 2573 il
1391 2552 1508 2581 Villani,
1531 2556 1583 2586 Cr„
1604 2556 1636 2587 Χ,
1663 2565 1705 2590 97,
1732 2565 1836 2591 quanto
1863 2563 1917 2588 alla

1032 2588 1104 2618 data,
1125 2592 1254 2619 ponendo
1277 2592 1295 2614 il
1318 2592 1388 2616 fatto
1409 2594 1434 2617 al
1459 2602 1487 2625 14
1509 2600 1615 2628 agnato,
1637 2607 1650 2623 e
1666 2600 1685 2623 il
1706 2601 1826 2633 Platina,
1846 2605 1915 2629 Hist.
1949 2618 1958 2623 -

1032 2634 1118 2659 mant„
1140 2630 1171 2660 11,
1195 2633 1220 2655 iu
1244 2634 1306 2656 [ΗΡ.
1332 2635 1366 2657 ll.
1388 2636 1446 2666 SS.‚
1467 2637 1524 2667 XX,
1548 2645 1605 2671 727.
1619 2640 1645 2664 al
1664 2647 1692 2673 17
1707 2643 1811 2674 luglio:
1834 2654 1876 2670 ma
1892 2649 1913 2670 si

1031 2671 1064 2694 cf.
1086 2671 1106 2694 il
1130 2674 1188 2696 Chr.
1210 2678 1264 2703 est„
1287 2676 1336 2702 ivi.
1356 2676 1414 2705 XV,
1436 2678 1486 2710 389

1116 2711 1138 2728 ¹⁰
1156 2713 1198 2737 Lo
1219 2718 1305 2739 stesso
1319 2719 1434 2741 castello
1449 2727 1500 2744 ove
1516 2722 1521 2744 i
1538 2721 1685 2749 Bonacolsi
1701 2733 1826 2751 avevano
1842 2728 1914 2754 fatto

1029 2755 1129 2778 morire
1150 2756 1177 2778 di
1200 2757 1271 2780 fame
1293 2759 1299 2780 i
1321 2758 1388 2782 Pico
1408 2759 1453 2790 (cf.
1475 2769 1500 2792 p.
1521 2761 1561 2793 86,
1584 2767 1649 2789 nota
1671 2766 1704 2798 2).

1116 2794 1134 2811 ¹¹
1154 2796 1237 2829 Luigi
1259 2797 1391 2831 Gonzaga
1411 2802 1476 2826 ebbe
1492 2804 1511 2827 il
1526 2806 1611 2829 titolo
1631 2808 1657 2831 di
1680 2811 1812 2840 capitano
1832 2820 1910 2843 geue-

1027 2838 1082 2860 rulo.
1103 2839 1129 2861 (li
1155 2839 1288 2864 Mantova
1310 2841 1329 2864 il
1351 2841 1384 2865 26
1404 2847 1518 2874 agosto:
1540 2848 1546 2869 i
1567 2847 1624 2878 figli
1646 2850 1695 2874 che
1715 2851 1743 2875 lo
1764 2854 1911 2878 aiutarono

1027 2879 1217 2911 nell'impresa
1240 2882 1341 2906 furono
1361 2883 1465 2916 Guido,
1487 2886 1639 2921 Filippone
1659 2899 1673 2915 e
1692 2891 1829 2918 Festi-ino,

1113 2919 1134 2935 ¹²
1155 2921 1197 2945 Cf.
1219 2924 1285 2946 Arm.
1311 2932 1386 2955 caes„
1415 2928 1442 2949 in
1467 2928 1530 2952 RR.
1561 2931 1597 2954 ll.
1623 2932 1680 2962 SS„
1701 2933 1774 2965 XIV,
1807 2942 1871 2969 1147
1898 2946 1911 2961 e

1026 2963 1085 2985 Chr.
1107 2968 1160 2991 est..
1182 2965 1230 2993 ivi,
1249 2964 1308 2995 XV,
1329 2966 1387 2998 389.

2002 844 2075 866 Mun..
2096 848 2133 869 5²49

2017 1378 2036 1392 c.
2052 1374 2095 1396 67³

1957 1986 1987 2011 3⁵

1953 2197 1987 2221 40

1948 2407 1980 2432 45
