2318 3603
146 937 165 951 c.
182 929 227 949 mh

279 1957 308 1974 10

280 2168 307 2193 15

281 2592 311 2618 ²5

281 2804 315 2829 30

923 212 1235 248 CHRONICON
1264 210 1574 247 MUTINENSE
2003 216 2053 250 [Α.
2073 216 2168 249 1327]

326 337 499 369 civitatem
523 335 677 368 Mutinae
701 334 834 367 nobiles
858 334 902 367 de
926 340 1023 375 parte
1047 333 1231 376 Aygonum
1256 339 1289 364 et
1312 333 1363 363 illi
1388 333 1430 365 de
1449 333 1645 364 Mirandula
1659 332 1678 363 ¹.
1726 331 1770 363 Et
1793 332 1886 363 dicta
1910 332 1964 364 die
1991 332 2168 373 elegerunt

325 390 540 422 Mutinenses
563 388 740 420 intrinseci
772 380 1001 429 praedictiin
1025 391 1227 428 potestatem
1258 385 1404 417 civitatis
1435 385 1481 426 [et
1505 385 1670 425 comunis]
1693 385 1848 416 Mutinae
1881 384 2029 416 nobilem
2057 383 2167 414 virum

325 442 540 474 Homodeum
565 441 608 472 de
633 439 807 473 Cortona²
832 446 912 471 tunc
937 439 970 470 in
994 439 1067 480 ipsa
1092 438 1230 470 civitate
1254 438 1412 469 Mutinae
1435 439 1480 470 ad
1497 439 1632 469 confina
1656 442 1924 469 commorantem
1949 442 1983 468 et
2006 436 2100 468 stetit
2124 435 2169 467 ad

327 495 457 526 dictum
481 493 633 537 regimen
655 503 762 534 usque
786 493 830 524 ad
854 492 1016 523 calendas
1040 490 1172 533 augusti
1185 489 1208 521 ³.
1255 491 1299 522 Et
1322 496 1402 522 tunc
1419 497 1538 531 postea
1554 490 1766 522 Mutinenses
1789 488 1964 521 intrinseci
1977 488 2168 520 concorda-

326 553 448 579 verunt
471 557 507 578 se
533 556 609 578 cum
635 546 773 577 domino
797 545 929 588 Legato
955 551 988 576 et
1012 542 1285 575 Bononiensibus
1309 549 1343 574 et
1365 549 1467 584 pacta
1483 543 1527 574 ad
1551 543 1680 574 libitum
1704 542 1904 574 habuerunt.

414 598 582 631 Dominus
606 598 805 629 Homodeus
837 597 879 629 de
913 597 1065 629 Cortona
1096 596 1250 627 Potestas
1277 595 1433 627 Mutinae
1464 606 1527 637 pro
1560 596 1758 636 expulsione
1788 595 1917 626 domini
1941 593 2109 625 Passarini
2133 593 2169 624 in

326 651 532 694 M.cccxxvij
558 651 686 692 incepit
710 651 767 682 die
791 650 800 692 j
826 650 907 681 iunii
932 656 966 680 et
995 649 1106 681 finivit
1128 649 1166 679 in
1183 648 1338 680 calendis
1361 649 1497 690 augusti
1520 648 1575 679 vel
1597 648 1701 680 circa.
1741 648 1841 679 Tunc
1867 647 1923 678 die
1947 647 2027 689 xxiij
2045 645 2171 677 mensis

326 705 410 737 iunii
434 705 469 736 in
493 704 611 747 vigilia
635 703 745 735 sancti
770 703 930 734 Iohannis
954 702 1128 743 Baptistae
1152 702 1247 733 facta
1270 701 1335 732 fuit
1359 712 1426 742 pax
1440 701 1527 732 inter
1545 701 1719 732 dominum
1742 700 1910 744 Legatum
1934 699 2081 731 civitatis
2103 698 2171 730 Bo-

327 759 450 790 noniae
473 768 536 799 pro
561 757 721 788 Romana
752 756 910 788 Ecclesia
935 766 976 787 ex
999 766 1068 786 una
1097 760 1194 796 parte
1218 754 1265 795 [et
1290 764 1433 785 comune
1458 753 1613 786 Mutinae
1640 764 1681 784 ex
1703 753 1835 794 altera}
1881 753 1926 784 Et
1949 759 2029 784 tunc
2054 761 2172 783 omnes

327 812 511 854 populares
534 815 717 852 potuerunt
738 809 854 841 redire
878 809 913 839 in
931 809 1104 840 civitatem
1128 807 1283 838 Mutinae
1301 813 1335 838 et
1352 806 1480 838 habere
1497 806 1588 838 bona
1606 817 1676 845 sua,
1694 806 1848 848 exceptis
1864 806 2017 848 triginta,
2042 804 2100 847 qui
2116 813 2170 837 re-

327 869 521 896 manserunt
545 863 589 894 ad
614 862 768 899 confina3
793 868 827 894 et
850 868 932 893 tunc
956 872 1074 892 omnes
1096 860 1229 891 nobiles
1253 859 1439 891 extrinseci
1464 858 1696 891 rehabuerunt
1718 870 1795 891 suas
1818 859 2059 901 possessiones,
2076 857 2171 888 salvo

332 917 424 960 quod
440 927 509 948 non
532 915 707 947 debebant
724 913 992 957 apropinquare'
1010 914 1054 945 ad
1072 913 1244 945 civitatem
1261 924 1323 954 per
1340 913 1406 944 tria
1432 912 1580 943 miliaria
1596 922 1661 944 nec
1678 913 1805 944 intrare
1822 912 1857 943 in
1875 911 2072 952 fortil[ic]iis
2088 909 2170 942 obe-

328 969 500 1002 dientibus
524 968 662 1001 comuni
686 967 857 1004 Mutinae;
884 973 917 998 et
942 967 1008 1008 ipsi
1035 966 1220 998 extrinseci
1240 972 1307 997 tam
1326 965 1460 996 nobiles
1477 975 1577 1007 quam
1594 965 1779 1006 populares
1804 965 1847 996 de
1872 974 1988 995 eorum
2006 962 2171 1005 condem-

327 1021 531 1054 nacionibus
547 1021 730 1063 cancellati
748 1021 888 1051 fuerunt
901 1019 922 1051 ⁴.
949 1020 994 1051 Et
1009 1019 1073 1060 ipsi
1089 1018 1266 1049 intrinseci
1284 1023 1465 1049 tenuerunt
1482 1018 1683 1055 custodiam,
1701 1017 1776 1048 iura
1792 1022 1827 1048 et
1843 1016 1953 1048 officia
1971 1015 2030 1056 [et]
2048 1020 2173 1047 statuta

328 1075 440 1117 sic[ut]
471 1074 646 1106 habebant
679 1075 715 1105 in
749 1080 857 1105 totum
893 1079 926 1104 et
961 1073 1101 1104 fuerunt
1132 1071 1278 1103 absoluti
1311 1071 1505 1102 omnimodo
1533 1070 1575 1101 ab
1601 1070 1758 1102 omnibus
1788 1069 1968 1102 sentenciis
2000 1075 2033 1100 et
2059 1067 2171 1099 multis

328 1134 446 1160 contra
470 1138 530 1159 eos
552 1137 616 1169 per
640 1126 832 1158 Ecclesiam
857 1126 1050 1157 Romanam
1074 1131 1107 1156 et
1131 1135 1297 1156 summurn
1326 1123 1527 1155 Pontificem
1555 1122 1679 1154 illatis⁵
1711 1129 1745 1154 et
1776 1132 1838 1164 per
1860 1122 1970 1163 ipsum
1997 1121 2172 1153 dominum

329 1182 496 1224 Legatum
521 1181 591 1212 sine
616 1180 685 1211 ulla
717 1180 908 1220 dapnorum
933 1178 1118 1210 refacione.
1166 1177 1297 1208 Eodem
1321 1183 1478 1218 tempore
1510 1175 1722 1207 Mutinenses
1745 1175 1917 1206 intrinseci
1941 1174 2006 1206 sibi
2039 1175 2073 1205 in
2097 1173 2170 1205 Re-

332 1240 460 1265 ctorem
483 1243 547 1274 pro
578 1233 738 1264 Romana
762 1231 922 1263 Ecclesia
953 1231 987 1261 in
1013 1230 1105 1261 dicta
1137 1230 1271 1261 civitate
1297 1228 1453 1260 Mutinae
1478 1229 1655 1270 elegerunt
1688 1228 1861 1260 dominum
1886 1226 2097 1270 Paganinum
2129 1225 2172 1256 de

327 1286 494 1318 Tocholis
518 1286 560 1317 de
584 1284 707 1316 Parma
730 1285 906 1325 utriusque
928 1283 1010 1315 iuris
1033 1284 1180 1324 peritum
1204 1288 1237 1314 et
1262 1293 1323 1323 per
1347 1281 1541 1323 predictum
1567 1281 1733 1324 Legatum
1758 1280 1866 1311 extitit
1890 1280 2108 1311 confirmatus
2119 1277 2141 1310 ὅ.

417 1339 583 1370 Dominus
613 1338 807 1381 Paganinus
831 1338 874 1369 de
905 1337 1072 1368 Tocholis
1103 1337 1147 1368 de
1178 1336 1302 1367 Parma
1332 1335 1463 1366 Rector
1494 1334 1647 1366 Mutinae
1672 1344 1735 1375 pro
1764 1333 1922 1364 Ecclesia
1952 1333 2112 1364 Romana
2135 1331 2172 1362 in

329 1392 538 1436 M.ccexxvij
566 1398 599 1423 et
622 1391 752 1433 incepit
775 1391 809 1422 in
834 1390 989 1422 calendis
1006 1389 1139 1433 augusti
1157 1389 1213 1420 vel
1230 1389 1323 1420 circa
1335 1387 1357 1419 ⁷.
1404 1388 1504 1420 Tunc
1530 1387 1587 1420 die
1611 1387 1706 1429 xxiiij
1725 1387 1851 1418 mensis
1869 1385 1955 1417 iunii
1972 1385 2092 1416 civitas
2109 1384 2176 1416 Bo-

423 1543 446 1561 1.
464 1536 630 1567 Aragonum
651 1535 693 1563 A,
715 1535 775 1563 Cr.3
795 1533 965 1565 Rangonum
979 1541 1056 1569 porr.
1076 1532 1169 1560 MUR.;
1190 1541 1231 1555 ma
1252 1532 1274 1555 il
1293 1532 1325 1555 de
1345 1534 1424 1563 parte
1442 1531 1571 1555 richiama
1581 1531 1710 1560 piuttosto
1720 1530 1768 1562 gli
1780 1530 1883 1561 Aigoni
1902 1542 1933 1546 -
1954 1534 1978 1552 2.
1992 1529 2019 1552 et
2033 1525 2173 1557 comunis]

333 1582 359 1604 in
378 1580 412 1604 A.
438 1580 567 1604 civitatis
587 1580 600 1603 ὲ
619 1579 712 1603 scritto
733 1579 782 1602 dne
806 1578 983 1610 voltegforse
1003 1578 1026 1601 il
1043 1577 1143 1607 copista
1169 1578 1196 1600 la
1215 1577 1325 1600 secanda
1349 1577 1423 1600 volta
1443 1577 1467 1600 lo
1493 1575 1595 1600 sostitu)
1618 1583 1633 1599 a
1653 1575 1802 1598 comunis?
1828 1586 1860 1591 —
1882 1581 1906 1605 3.
1932 1572 2106 1596 Homedeum
2127 1570 2174 1599 A.;

332 1625 509 1649 Homodeum
544 1624 631 1653 Mum,
661 1625 706 1648 Cr.
727 1632 740 1647 e
760 1624 840 1647 anche
861 1622 1023 1646 Pmscumo
1051 1635 1058 1639 -
1079 1621 1202 1646 confinia
1226 1621 1313 1649 Mun..
1346 1622 1391 1645 Cr.
1413 1634 1444 1637 —
1464 1619 1489 1644 6.
1510 1627 1562 1652 pro
1583 1620 1763 1652 expulsione}
1784 1620 1849 1652 post
1869 1618 2066 1651 expulsionem
2089 1616 2177 1643 Μυκη

334 1670 379 1694 Cr.
401 1683 433 1687 —
453 1675 476 1702 7.
491 1667 513 1702 j]
534 1676 549 1692 v
570 1668 658 1698 MUR„
673 1669 718 1692 Cr.
733 1681 741 1685 -
755 1667 851 1691 finivit
865 1667 908 1698 in}
935 1667 991 1690 suit
1006 1668 1035 1690 in
1056 1667 1101 1694 Α.;
1123 1666 1180 1690 {uit
1201 1672 1286 1696 usque
1300 1665 1335 1688 ad
1350 1665 1437 1694 Μυκη
1453 1666 1499 1689 Cr.
1515 1678 1544 1681 —-
1565 1672 1589 1695 9.
1610 1666 1698 1688 et....
1717 1662 1818 1693 altera}
1833 1663 1949 1695 lafrase
1969 1670 2016 1686 non
2031 1662 2044 1685 ὲ
2057 1660 2101 1684 nei
2114 1659 2177 1683 testi

337 1722 379 1737 ma
398 1714 411 1737 ὲ
430 1713 555 1737 richiesta
575 1721 591 1736 a
610 1712 778 1742 compt'menlo
801 1712 873 1736 della
883 1711 975 1741 prima
984 1714 1067 1741 parte
1080 1711 1153 1733 della
1167 1710 1244 1738 frase
1259 1723 1290 1725 —
1308 1715 1347 1732 11.
1367 1709 1526 1732 habuerunt
1550 1708 1627 1732 MUR.
1644 1721 1670 1724 —
1693 1714 1731 1731 12.
1751 1706 1836 1738 quod]
1858 1715 1924 1731 corr.
1951 1705 2044 1733 MUR.;
2064 1704 2113 1735 qui
2133 1703 2175 1732 Αι,

334 1758 378 1782 Cr.
399 1770 408 1774 -
429 1756 580 1781 fortiiiiset
601 1756 799 1780 obedientibus
824 1756 855 1779 Α.
877 1768 908 1772 —
927 1762 1013 1786 13-14.
1027 1752 1331 1784 condemnacionibus]
1353 1753 1403 1776 cosi
1426 1753 1513 1781 MUR„
1535 1754 1591 1776 Cn:
1611 1752 1846 1784 adempcionibus
1866 1752 1899 1775 A.
1921 1763 1951 1767 —
1976 1756 2062 1782 14-15.
2082 1749 2174 1772 custo-

333 1802 409 1825 diam
429 1808 486 1825 una
510 1802 538 1825 et
558 1801 650 1824 officia
673 1802 780 1824 stantia
806 1800 846 1823 sic
872 1799 935 1824 hab.
955 1799 996 1829 A,
1019 1799 1106 1828 MUR„
1133 1799 1194 1826 Cr.;
1216 1797 1301 1828 questi
1319 1798 1370 1821 due
1389 1797 1478 1820 ultimi
1491 1797 1560 1827 perh
1579 1797 1662 1820 hanno
1682 1803 1766 1819 unam
1787 1811 1819 1814 —
1841 1801 1880 1826 15.
1900 1795 2015 1819 mulctis
2042 1793 2120 1817 MUR.
2144 1805 2176 1808 —

335 1852 375 1878 17.
401 1845 557 1869 refectione
582 1845 669 1873 Mmt-⁷
691 1845 736 1870 Cr.
756 1857 788 1861 -——
811 1843 850 1868 18.
871 1845 936 1874 dopo
956 1843 1080 1867 Ecclesia
1100 1843 1178 1867 Mon.
1199 1849 1282 1874 agga
1304 1843 1422 1865 vacante
1442 1841 1562 1872 imperio
1583 1853 1614 1857 ——
1638 1847 1677 1871 19.
1698 1846 1732 1864 20
1750 1847 1764 1863 e
1784 1848 1810 1872 p.
1830 1845 1871 1872 97,
1894 1840 1912 1863 l.
1933 1844 1956 1870 7.
1976 1837 2111 1862 Focholis
2129 1836 2177 1860 An.

332 1888 466 1913 Toccolis
487 1888 573 1918 MUR.⁷
595 1889 640 1913 Cr.

425 1950 432 1966 ¹
453 1951 505 1975 Per
530 1953 649 1975 trattato
680 1950 882 1981 regolarmente
909 1950 1045 1981 stipulato
1071 1949 1114 1973 tra
1135 1950 1142 1972 i
1170 1950 1231 1980 capi

336 1993 410 2017 della
431 1991 540 2017 nobilta
556 1994 702 2017 modenese
716 2000 729 2016 e
745 1992 764 2016 il
780 1993 873 2024 legato
891 1992 1045 2015 Bertrando
1060 1992 1080 2015 il
1096 1996 1109 2022 5
1126 1993 1232 2022 giugno

339 2033 493 2065 (riassunto
519 2035 564 2058 dal
590 2034 711 2058 Morano
726 2034 767 2058 sul
788 2035 880 2066 rogito
895 2034 944 2057 che
959 2042 992 2057 ne
1007 2036 1076 2057 stese
1093 2033 1112 2056 il
1134 2034 1232 2057 notaio

338 2076 486 2099 Bonisazio
501 2075 666 2101 Carentani)
683 2076 711 2099 fu
726 2077 886 2099 convenuto
901 2075 988 2098 chela
1002 2073 1071 2098 citta
1086 2075 1108 2098 si
1121 2075 1232 2098 sarebbe

339 2118 404 2142 data
425 2118 480 2142 alla
501 2117 617 2142 Chiesa:
633 2118 681 2141 che
697 2119 723 2141 vi
745 2118 863 2141 avrebbe
879 2119 962 2150 posto
978 2125 992 2141 a
1013 2117 1180 2148 governarla
1194 2124 1231 2140 un

342 2160 353 2172 ‘⁴
367 2163 497 2191 rector„;
519 2161 608 2184 allora
628 2160 747 2184 Niccolo
776 2160 895 2188 Ravani,
923 2161 1029 2184 vicario
1058 2160 1176 2183 lasciato
1204 2161 1232 2183 in

340 2203 461 2226 Modena
480 2203 526 2226 dal
546 2203 706 2231 Bonaeolsi,
727 2204 845 2226 recatosi
861 2209 955 2234 presso
970 2203 1165 2233 l'imperatore
1180 2202 1233 2225 Lu-

339 2245 442 2268 dovieo
463 2245 482 2268 il
496 2245 616 2272 Bavaro,
632 2243 799 2268 abbandono
815 2244 963 2268 senz'altro
977 2245 1004 2268 la
1018 2242 1096 2272 cirta,
1111 2244 1159 2268 che
1174 2242 1232 2267 cosi

341 2287 363 2310 si
386 2287 449 2310 vide
469 2287 556 2310 libera
577 2287 622 2310 dal
643 2288 772 2313 tiranno:
799 2294 812 2310 e
839 2288 867 2309 in
894 2288 982 2310 attesa
1010 2286 1084 2310 della
1110 2286 1233 2310 elezione

340 2328 384 2351 del
405 2330 508 2352 rettore
529 2328 558 2352 su
581 2328 653 2352 fatto
670 2329 763 2352 subito
778 2325 895 2359 podesta
910 2327 1035 2352 Omodeo
1050 2328 1084 2351 da
1098 2327 1233 2356 Cortona,

341 2370 389 2393 che
411 2371 492 2393 vivea
514 2371 542 2393 in
563 2370 671 2393 Milano
693 2371 846 2401 proseritto
867 2370 942 2393 dalla
962 2377 1011 2394 sua
1031 2367 1108 2393 citta.

429 2410 439 2426 ²
460 2411 688 2436 Probabilmente
707 2410 721 2436 ὲ
741 2411 824 2443 quell‘
836 2412 848 2424 “
860 2412 1004 2436 Amodeus
1024 2412 1056 2435 de
1072 2411 1197 2436 Cortona
1209 2429 1233 2442 η,

341 2454 390 2477 che
406 2454 434 2477 fu
448 2452 565 2485 podesta
581 2455 608 2477 in
624 2453 727 2477 Arezzo
742 2461 790 2485 per
805 2462 859 2478 una
873 2457 951 2486 parte
965 2453 1009 2477 del
1027 2452 1092 2485 1318
1103 2453 1150 2484 (cf.
1164 2454 1232 2477 Ann.

341 2496 443 2524 Arret.‚
464 2496 534 2520 ediz.
555 2496 619 2519 Bini
641 2504 654 2519 e
680 2494 819 2524 Grazzini,
847 2497 875 2519 in
904 2497 967 2520 RR.
989 2497 1028 2520 II.
1055 2496 1114 2523 SS„
1133 2495 1234 2525 XXIV,

341 2537 423 2561 Parte
443 2537 463 2567 1,
484 2545 509 2569 p.
531 2543 572 2569 75,
592 2538 610 2561 1.
634 2539 683 2569 10).

429 2577 439 2593 ³
459 2579 528 2603 Dice
548 2581 594 2610 qui
616 2588 629 2603 e
656 2581 744 2612 ripete
770 2577 820 2612 piu
845 2580 920 2604 volte
948 2580 967 2603 il
993 2582 1089 2603 nostro
1111 2581 1235 2603 cronista

342 2621 390 2645 che
411 2622 437 2645 la
458 2623 616 2653 podesteria
637 2623 665 2645 di
686 2621 813 2646 Omodeo
827 2623 861 2646 da
876 2622 1003 2646 Cortona
1017 2620 1086 2646 duro
1102 2623 1165 2645 sino
1180 2622 1236 2646 alle

341 2663 455 2687 calende
475 2664 503 2687 di
525 2665 631 2695 agosto,
652 2672 695 2688 ma
716 2672 792 2688 come
820 2665 949 2688 vedremo
975 2672 1006 2688 or
1026 2671 1074 2687 ora
1095 2664 1174 2694 (nota
1201 2663 1235 2695 7),

345 2706 366 2730 il
387 2710 418 2736 25
440 2706 530 2737 luglio
550 2704 597 2737 gia
616 2714 661 2730 era
682 2707 711 2730 in
731 2708 821 2731 carica
843 2707 862 2730 il
877 2715 927 2731 suo
947 2714 1116 2734 successore;
1137 2706 1181 2730 del
1196 2714 1235 2730 re-

343 2750 386 2771 sto
406 2747 427 2770 il
449 2746 462 2759 “
475 2747 518 2771 vel
539 2749 636 2778 circa„
659 2748 713 2772 alle
730 2749 760 2772 ll.
782 2754 796 2780 7
817 2756 830 2772 e
851 2755 881 2772 21
904 2750 927 2772 si
943 2748 1059 2772 accorda
1073 2748 1236 2776 benissimo,

343 2789 464 2813 volendo
485 2790 550 2813 dare
571 2789 626 2813 alla
647 2790 717 2814 srase
733 2789 753 2813 il
774 2798 854 2814 senso
874 2791 902 2814 di
925 2789 937 2802 ‘⁴
951 2797 1030 2814 verso
1051 2789 1071 2813 il
1091 2784 1235 2821 principio

345 2830 358 2842 “
369 2831 397 2854 di
419 2834 518 2862 agosto
529 2849 553 2863 η.

432 2871 443 2887 ⁴
463 2873 486 2896 Il
506 2875 624 2897 trattato
651 2876 693 2897 tra
714 2875 721 2896 i
742 2873 886 2898 Modenesi
913 2881 927 2898 e
946 2874 1109 2901 Bertrando,
1136 2875 1235 2905 rogato

343 2914 390 2938 dal
410 2916 508 2939 notaio
528 2914 679 2939 Bonisazio
701 2914 862 2943 carentani,
883 2917 927 2939 eui
947 2913 996 2948 gia
1009 2916 1032 2939 si
1052 2913 1067 2939 ὲ
1084 2918 1237 2940 accennato

344 2963 428 2987 sopra
449 2956 487 2988 (v.
508 2958 576 2980 nota
599 2955 624 2986 1)
646 2957 675 2980 fu
695 2957 858 2988 pubblicato
887 2957 907 2981 ’11
927 2964 958 2988 23
979 2959 1094 2989 giugno,
1114 2958 1145 2981 ed
1167 2956 1180 2980 ὲ·
1201 2958 1236 2980 ri-

1289 1948 1372 1971 serito
1402 1946 1447 1971 dal
1475 1947 1514 1970 111.
1545 1947 1621 1977 quasi
1653 1953 1701 1977 per
1730 1946 1843 1969 disteso.
1881 1945 1916 1968 Vi
1938 1946 1961 1968 si
1981 1943 2103 1975 leggono
2133 1948 2178 1972 ap-

1287 1991 1376 2021 punto
1408 1989 1433 2012 le
1466 1989 1629 2012 condizioni
1663 1990 1742 2019 poste
1772 1987 1797 2011 al
1828 1988 1938 2011 ritorno
1971 1987 2013 2010 dei
2048 1984 2178 2017 popolari

1289 2032 1438 2062 “exceptis
1458 2031 1577 2062 triginta
1598 2031 1644 2061 qui
1667 2031 1699 2053 ad
1728 2029 1848 2053 confinia
1875 2031 1954 2053 extra
1980 2030 2067 2052 circas
2090 2034 2181 2050 como-

1287 2073 1300 2085 ¹‘
1314 2081 1373 2097 rare
1402 2073 1567 2103 deberent„‚
1600 2072 1655 2096 alia
1688 2073 1851 2096 restrizione
1878 2073 2000 2103 imposta
2032 2071 2057 2094 ai
2089 2069 2179 2093 nobili

1287 2116 1315 2139 di
1346 2116 1482 2138 rimanere
1513 2115 1586 2138 fuori
1617 2114 1690 2138 della
1719 2112 1797 2141 citta,
1829 2121 1885 2137 non
1911 2113 1968 2137 alla
1994 2113 2120 2136 distanza
2151 2111 2179 2134 di

1287 2159 1399 2187 quattro
1429 2156 1528 2187 miglia
1557 2163 1634 2179 come
1661 2156 1722 2179 dice
1750 2156 1770 2178 il
1798 2157 1895 2179 nostro
1922 2155 2054 2182 cronista,
2080 2161 2123 2177 ma
2151 2152 2179 2176 di

1290 2198 1302 2210 “
1315 2201 1386 2222 stare
1407 2198 1490 2229 longe
1511 2198 1543 2221 ab
1565 2199 1624 2228 ipsa
1645 2198 1761 2221 civitate
1781 2205 1829 2228 per
1849 2197 1903 2220 duo
1925 2197 2048 2220 miliaria
2068 2196 2181 2219 ubicun-

1290 2240 1366 2270 “que
1387 2240 1539 2267 voiuerint,
1560 2247 1574 2262 a
1597 2240 1741 2263 fortilitiis
1760 2241 1839 2263 extra
1853 2246 1905 2269 que
1919 2239 2114 2262 custodiantur
2134 2243 2182 2268 per

1290 2280 1300 2293 ‘¹
1315 2289 1431 2305 comune
1451 2281 1584 2311 Mutine„
1608 2289 1621 2304 e
1642 2280 1697 2304 alia
1712 2281 1917 2304 cancellazione
1937 2280 1980 2303 dei
2001 2280 2086 2303 bandi
2100 2280 2181 2302 tanto

1288 2332 1335 2356 per
1357 2326 1364 2347 i
1387 2324 1476 2347 nobili
1498 2326 1604 2354 quanto
1625 2331 1672 2355 per
1694 2325 1701 2347 i
1724 2323 1863 2354 popolari.

1375 2365 1385 2380 ⁵
1405 2366 1609 2398 Speciaimente
1624 2373 1671 2396 per
1686 2365 1711 2388 le
1726 2365 1872 2389 condanne
1887 2366 2012 2388 emanate
2027 2365 2056 2387 in
2072 2364 2181 2395 seguito

1289 2408 1490 2432 all'assassinio
1511 2408 1538 2431 di
1560 2407 1720 2431 Raimondo
1741 2407 1774 2430 da
1794 2406 1889 2438 Spello
1909 2406 1956 2438 (cf.
1977 2413 2002 2437 p.
2023 2404 2100 2429 6811.
2118 2404 2180 2437 1-7).

1376 2447 1386 2463 ⁶
1407 2449 1458 2473 Nel
1479 2451 1597 2473 trattato
1617 2456 1662 2472 era
1682 2449 1852 2472 concordate
1873 2449 1921 2472 che
1942 2448 1962 2471 il
1983 2450 2086 2471 rettore
2106 2447 2180 2471 della

1288 2489 1357 2515 citta
1378 2492 1493 2514 dovesse
1512 2498 1600 2514 essere
1621 2490 1707 2514 scelto
1727 2490 1773 2514 dal
1794 2490 1887 2521 legato
1917 2497 1998 2521 sopra
2027 2497 2081 2513 una
2102 2491 2181 2513 terna

1289 2533 1488 2564 presentatagli
1509 2533 1585 2563 dagli
1609 2531 1781 2556 “intrinseci
1803 2531 1984 2562 Muttnenses,
2007 2533 2034 2555 et
2049 2531 2121 2555 idem
2141 2531 2180 2554 le-

1294 2575 1307 2588 “
1319 2578 1399 2606 gatus
1411 2583 1495 2599 unum
1510 2583 1543 2599 ex
1558 2576 1627 2606 ipsis
1644 2575 1734 2598 tribus
1750 2576 1778 2597 in
1793 2577 1927 2598 rectorem
1942 2575 2068 2598 civitatis
2084 2574 2181 2605 ipsius,

1294 2618 1397 2648 “quem
1419 2617 1549 2644 voluerit,
1571 2616 1732 2640 confirmare
1752 2617 1869 2644 deberet,
1889 2617 1935 2648 qui
1952 2617 2046 2639 vocari
2062 2615 2178 2640 debebat

1294 2658 1446 2683 “Rector
1461 2666 1524 2691 pro
1539 2658 1692 2682 Romana
1706 2658 1915 2688 Ecclesia„:
1929 2660 2026 2689 questo
2040 2657 2126 2681 titolo
2138 2659 2178 2681 in-

1293 2702 1356 2725 fatti
1379 2699 1445 2725 dara
1466 2700 1684 2732 quind’innanzi
1707 2699 1726 2723 il
1748 2701 1845 2723 nostro
1866 2701 1989 2723 cronista
2010 2707 2024 2723 a
2044 2700 2107 2730 quel
2128 2706 2181 2723 ma-

1291 2744 1410 2774 gistrato
1431 2743 1479 2766 che
1499 2744 1589 2774 prima
1609 2750 1654 2766 era
1675 2742 1695 2765 il
1715 2739 1840 2774 podesta.

1381 2783 1389 2796 ⁷
1408 2785 1431 2808 Il
1452 2787 1587 2809 rettorato
1608 2784 1652 2808 del
1672 2783 1787 2807 Toccoli
1808 2784 1855 2815 (cf.
1875 2791 1900 2815 p.
1921 2790 1963 2815 90,
1984 2786 2051 2807 nota
2065 2783 2092 2815 2)
2106 2781 2180 2807 edo-

1291 2829 1451 2851 cumentato
1471 2827 1516 2851 dal
1532 2832 1562 2857 25
1578 2825 1668 2857 lugiio
1692 2831 1756 2857 1327
1774 2825 1800 2849 al
1818 2832 1848 2857 23
1869 2826 1975 2857 giugno
1993 2824 2058 2857 1328
2079 2826 2180 2855 (Mem,

1292 2877 1316 2893 a.
1338 2876 1412 2901 1327,
1433 2877 1479 2892 nn.
1502 2867 1576 2900 1948,
1596 2874 1672 2896 2012,
1692 2872 1769 2900 2797,
1783 2866 1859 2898 2852,
1874 2866 1951 2899 2948,
1966 2874 2048 2899 3730;
2064 2875 2087 2891 a.
2105 2866 2179 2899 1328,

1291 2911 1311 2939 Ι,
1333 2919 1358 2934 n.
1383 2910 1463 2943 1169:
1483 2910 1516 2937 11,
1538 2917 1584 2934 nn.
1607 2917 1628 2937 1,
1649 2915 1697 2941 712
1719 2917 1732 2933 e
1755 2908 1841 2941 1385).

2193 540 2210 571 υι

2199 805 2236 836 10

2197 1066 2234 1098 15

2195 1332 2237 1362 20

2207 1946 2240 1971 35

2209 2157 2244 2183 40

2210 2368 2242 2392 45

2210 2577 2244 2603 50

2212 2786 2243 2813 55
