2370 3603
131 233 182 267 [A.
205 234 297 266 1347]
745 223 1010 273 IOHANNIS
1038 223 1107 258 DE
1135 222 1360 258 BAZANO

137 304 161 311 ι..
163 295 1939 310 .....................................................................................................................................................................................................
1941 295 1955 302 -

132 348 299 380 celebrari
324 347 435 388 [festa]
458 348 494 378 in
518 347 656 378 civitate
678 345 855 377 Adversae
881 346 983 387 longe
1007 356 1027 377 a
1051 345 1189 376 civitate
1213 344 1378 386 Neapolis
1394 354 1455 385 per
1470 344 1541 387 viij.
1565 343 1720 380 miliaria,
1737 343 1782 374 ad
1798 353 1885 384 quae
1903 343 1968 373 fuit

130 401 290 432 invitatus
314 401 391 432 Rex
413 398 586 432 Andreas'
611 405 645 430 et
668 398 807 440 Regina
830 398 1001 440 Johanna:
1027 403 1060 429 et
1083 403 1322 438 praeparatum
1347 396 1412 427 fuit
1437 396 1652 437 [hospicium]
1677 406 1739 436 pro
1763 395 1813 427 eis
1836 395 1870 425 in
1894 405 1966 426 mo-

131 453 278 485 nasterio
303 453 447 484 fratrum
471 452 638 483 minorum
663 451 745 492 quia
767 451 847 482 Rex
872 451 981 482 noluit
1012 450 1046 481 in
1078 456 1190 481 castro
1222 449 1358 486 morari,
1391 455 1424 480 et
1456 454 1536 480 tunc
1569 448 1662 480 dicto
1695 448 1751 479 die
1784 448 1967 485 dominico,

130 505 276 546 prandio
300 511 446 545 sumpto,
470 504 672 544 inceperunt
696 503 847 544 tripudia
879 513 1013 545 magna,
1042 502 1100 533 ubi
1132 502 1198 533 fuit
1228 502 1315 538 Rex,
1347 501 1419 532 sine
1451 500 1598 543 Regina,
1624 506 1657 531 et
1681 500 1739 532 alii
1763 501 1966 541 proditores.

90 557 108 588 5
133 557 262 601 §ancia
285 567 377 595 vero,
402 567 502 598 quam
527 557 606 587 Rex
629 556 817 597 aequaliter
841 555 1017 598 diligebat,
1041 564 1108 586 non
1133 554 1225 585 venit
1248 553 1285 584 in
1308 554 1374 590 via,
1399 554 1460 584 sed
1485 553 1647 584 remansit
1670 553 1704 583 in
1735 552 1892 594 hospicio
1923 553 1967 584 ad

131 610 330 641 faciendum
353 610 470 640 funem
495 609 537 640 de
551 614 633 640 »seta
656 608 768 645 viridi,
787 619 854 650 qua
869 608 937 639 fuit
954 608 1033 639 Rex
1049 613 1256 639 memoratus
1271 607 1330 638 illa
1346 613 1448 638 nocte
1466 616 1664 646 suspensus;
1689 616 1789 647 quam
1807 605 1969 650 (janciam

130 663 202 703 ipse
227 662 306 694 Rex
328 662 463 703 saepius
485 661 670 703 requisivit.
710 661 867 692 Tandem
892 661 1028 692 choreis
1052 660 1195 701 expletis
1219 666 1253 691 et
1276 669 1350 691 sero
1373 659 1578 690 adveniente
1595 658 1688 690 venit
1704 658 1780 689 Rex
1796 658 1841 689 ad
1856 659 1968 690 locum

131 715 194 746 sibi
218 715 384 746 sancitum
408 719 442 746 et
466 720 578 745 stante
603 724 644 745 eo
669 714 703 744 in
729 724 865 745 camera
880 714 974 745 iuxta
991 714 1118 745 lectum
1142 713 1175 743 in
1199 713 1310 754 prima
1326 712 1410 743 hora
1433 711 1543 743 noctis
1566 711 1702 742 insimul
1726 721 1803 742 cum
1820 711 1967 753 Regina,

130 774 163 799 et
185 777 267 799 ecce
284 767 479 809 proditores
495 767 554 808 qui
571 773 668 798 erant
683 767 728 798 ad
746 766 931 798 custodiam
950 776 1106 797 camerae
1123 765 1285 806 deputati,
1303 764 1437 796 scilicet
1453 764 1576 796 Comes
1592 763 1702 801 Eboli‚
1720 764 1830 795 dictus
1846 763 1970 795 Comes

132 820 276 857 Trilicii‚
301 819 457 852 Coradus
480 819 524 850 de
550 818 756 861 CateneanQ
781 819 945 850 Nicolaus
970 818 1098 850 domini
1122 817 1236 855 Pacis,
1261 817 1319 859 qui
1343 817 1528 848 existentes
1552 816 1586 846 in
1610 826 1747 847 camera
1770 816 1970 857 inceperunt

132 871 268 903 ensibus
280 878 458 913 percutere
470 871 669 902 bochalaria
681 882 750 907 sua,
765 871 853 902 falso
866 871 1034 913 fingentes
1050 880 1087 901 se
1104 875 1220 901 mutuo
1238 870 1429 900 interficere
1447 869 1544 900 velle.
1585 868 1685 899 Tunc
1703 869 1789 900 alius
1805 869 1970 910 proditor,

130 925 187 966 qui
212 924 429 956 custodiebat
452 925 673 955 intrinsecam
698 930 832 965 portam
856 924 974 966 Regis,
999 923 1128 964 incepit
1152 922 1325 954 maliciose
1351 922 1516 953 clamare:
1542 922 1622 952 ‘Isti
1639 921 1681 953 ab
1699 927 1794 952 extra
1809 931 1846 951 se
1864 922 1967 952 inter-

137 980 151 994 “
165 977 283 1009 ficiunt
295 977 314 1014 ⁷,
339 976 402 1008 'ad
426 977 493 1008 hoc
517 983 553 1008 ut
576 977 649 1018 ipse
667 977 746 1008 Rex
763 987 932 1008 cameram
958 977 1080 1007 exiret:
1098 985 1166 1017 quo
1184 975 1312 1012 audito,
1329 975 1409 1006 Rex
1425 975 1536 1006 statim
1553 974 1613 1005 ivit
1629 984 1746 1005 versus
1761 979 1894 1015 portam
1912 984 1969 1005 ca-

130 1039 255 1061 merae.
302 1030 441 1071 Regina
464 1039 546 1060 vero
571 1030 650 1060 totis
674 1029 801 1060 viribus
824 1029 1002 1060 resistebat
1020 1039 1062 1059 ne
1079 1029 1150 1069 ipse
1167 1034 1302 1068 portam
1327 1028 1447 1063 exiret;
1473 1027 1532 1068 qui
1557 1027 1697 1068 quidem
1720 1026 1809 1063 Rex,
1826 1026 1970 1058 demisso

130 1082 292 1114 mantello
316 1083 351 1113 in
375 1082 530 1113 manibus
555 1082 724 1124 Reginae,
749 1082 886 1113 omnino
911 1081 1016 1113 exivit
1045 1087 1079 1112 et
1110 1081 1221 1112 statim
1245 1080 1399 1121 proditor
1424 1080 1574 1116 interius,
1606 1079 1743 1111 nomine
1776 1079 1968 1117 Gotofelus‚

132 1135 252 1167 clausit
277 1135 423 1167 hostium
447 1142 523 1176 post
548 1135 693 1176 Regem.
739 1135 841 1165 Tunc
865 1134 988 1166 Comes
1012 1134 1149 1165 Trilicii
1165 1133 1278 1174 posuit
1301 1143 1436 1163 manum
1453 1132 1639 1164 adfaciem
1655 1132 1764 1174 Regis
1780 1138 1814 1163 et
1830 1132 1971 1175 stringe-

133 1187 189 1219 bat
214 1187 411 1223 sOrtissime:
437 1187 515 1219 Rex
539 1197 622 1218 vero
648 1187 842 1219 deducebat
866 1194 968 1228 caput
993 1187 1072 1218 hinc
1098 1187 1177 1217 inde
1201 1186 1234 1216 in
1257 1191 1385 1216 tantum
1411 1186 1503 1226 quod
1528 1185 1654 1226 digitus
1685 1184 1800 1225 pollex
1831 1185 1970 1216 intravit

134 1251 172 1272 os
196 1241 304 1283 Regis
328 1241 384 1281 qui
409 1241 610 1283 stringendo
635 1241 784 1271 medium
809 1239 1047 1282 strangolavit3
1073 1250 1141 1281 qua
1164 1250 1199 1270 re
1224 1239 1381 1280 proditor
1405 1244 1516 1269 tactus
1541 1238 1660 1269 dolore
1686 1237 1817 1279 Regem
1837 1237 1970 1269 dimisit.

132 1293 211 1326 Rex
234 1299 347 1324 autem
372 1294 465 1324 venit
489 1294 534 1324 ad
558 1303 727 1324 cameram
754 1300 786 1324 et
811 1293 922 1323 statim
946 1292 1103 1333 proditor
1127 1291 1310 1323 Gotofelus
1335 1291 1442 1322 noluit
1466 1290 1614 1331 aperire;
1640 1290 1807 1321 clamante
1837 1290 1974 1331 Regina

134 1345 319 1377 fortissime
343 1345 386 1376 ab
403 1346 490 1376 intra
508 1345 728 1382 ‘Accoromo‚
746 1355 930 1376 accoromo
945 1345 963 1381 ',
990 1344 1171 1376 Gotoselus
1195 1343 1332 1374 tenebat
1357 1343 1516 1374 continue
1535 1349 1694 1384 punctam
1712 1342 1839 1374 coltelli
1857 1353 1974 1374 versus

135 1399 320 1441 Reginam;
346 1399 446 1441 Rege
471 1399 570 1429 etiam
595 1398 638 1429 ab
662 1405 757 1429 extra
781 1398 948 1429 clamante
975 1397 1110 1438 ‘Aperi‚
1127 1397 1221 1438 aperi
1239 1398 1423 1427 fenestram
1439 1396 1457 1427 ‘.
1483 1396 1582 1426 Tunc
1600 1396 1722 1427 Comes
1748 1395 1875 1427 Ebolus
1897 1406 1973 1437 pro-

136 1452 223 1483 ditor
248 1461 324 1482 cum
347 1452 420 1482 aliis
444 1452 576 1482 duobus
600 1451 712 1492 posuit
738 1462 871 1482 manum
896 1452 939 1482 ad
966 1451 1137 1482 testiculos
1162 1449 1272 1491 Regis
1297 1449 1462 1480 trahendo
1488 1450 1621 1480 fortiter
1645 1456 1678 1480 et
1703 1449 1758 1479 alii
1787 1456 1974 1489 posuerunt

135 1505 166 1535 ei
191 1506 234 1536 ad
259 1505 383 1535 collum
409 1505 452 1536 de
477 1512 549 1535 seta
575 1505 674 1535 viridi
698 1505 887 1535 cordolium
913 1511 945 1535 et
969 1504 1013 1534 ad
1040 1504 1224 1534 fenestram
1250 1503 1339 1533 salae
1364 1502 1472 1543 ipsum
1497 1502 1687 1533 immaniter
1711 1502 1972 1542 suspenderunt,

136 1565 168 1589 et
203 1558 321 1589 timore
359 1566 392 1589 et
426 1558 618 1600 ignorantia
654 1558 871 1588 nesciverunt
908 1558 1016 1598 ipsum
1053 1557 1185 1587 firmare
1224 1557 1268 1587 ad
1305 1555 1534 1596 colupnellum
1570 1554 1626 1596 [et]
1663 1555 1790 1586 cecidit
1828 1555 1975 1586 exterius

134 1609 221 1640 bene
245 1621 306 1651 per
329 1616 408 1641 octo
423 1609 477 1641 vel
494 1610 616 1640 decem
634 1619 752 1650 passus
770 1616 802 1640 et
818 1609 865 1640 ibi
881 1609 1087 1640 amarissime
1105 1608 1282 1649 expiravit.
1300 1607 1304 1620 ¹
1318 1608 1412 1638 Infra
1429 1606 1627 1649 quod[dam]
1644 1607 1796 1648 spacium
1812 1615 1970 1638 occurre-

135 1670 213 1694 runt
237 1663 362 1693 milites
386 1669 420 1693 et
444 1662 590 1693 barones
614 1669 647 1693 et
663 1663 719 1694 alii
745 1669 778 1693 et
803 1663 892 1703 capti
918 1663 1057 1693 fuerunt
1082 1662 1206 1693 Comes
1231 1661 1374 1697 Trilicii‚
1399 1660 1523 1692 Comes
1546 1660 1646 1691 Ebuli
1671 1667 1705 1691 et
1728 1660 1895 1692 Nicolaus
1911 1660 1973 1691 do-

134 1715 213 1745 mini
240 1714 349 1751 Pacis,
366 1721 399 1746 et
417 1714 625 1756 aufugerunt
641 1714 799 1746 Coradus
817 1715 860 1745 de
878 1714 1074 1756 Catencano
1093 1720 1126 1744 et
1151 1713 1346 1749 Gotofelus„
1372 1719 1405 1744 et
1429 1719 1530 1753 capta
1547 1713 1611 1743 fuit
1635 1713 1819 1744 maledicta
1842 1713 1973 1757 §lancia

134 1768 363 1808 pulcherrima
388 1774 421 1799 et
444 1767 643 1808 principalis
668 1767 776 1798 autrix
800 1768 947 1798 omnium
973 1767 1138 1798 malorum
1163 1766 1331 1797 dictorum
1348 1766 1368 1797 ¹.
1415 1766 1515 1797 Tunc
1541 1766 1597 1796 die
1622 1765 1722 1796 lunae
1746 1765 1899 1807 sequenti
1924 1765 1970 1807 xij

135 1819 328 1851 decembris
352 1831 428 1851 cum
452 1821 605 1851 maximis
630 1821 784 1862 exequiis
810 1826 843 1851 et
867 1827 1032 1861 apparatu
1056 1819 1164 1861 regali
1189 1819 1425 1850 conduxerunt
1450 1819 1580 1850 dictum
1597 1829 1720 1860 corpus
1738 1818 1920 1859 Neapolim
1939 1826 1972 1849 et

70 821 108 851 10

69 1084 105 1114 15

68 1347 111 1377 20

69 1609 109 1641 25

230 1949 253 1966 1.
272 1942 347 1966 festa
367 1949 433 1973 agg.
454 1941 531 1966 Μυκ.
547 1955 557 1960 -
571 1942 605 1966 ad
625 1948 694 1972 quas
711 1941 744 1965 A.
767 1955 794 1959 —
810 1948 834 1964 2.
847 1942 876 1965 et
895 1940 1051 1972 praefatum
1066 1940 1123 1964 fuit
1136 1948 1186 1973 pro
1199 1941 1240 1964 eis
1255 1942 1285 1964 in
1297 1940 1346 1969 A.;
1361 1942 1388 1964 et
1408 1939 1525 1972 praefati
1538 1940 1654 1964 fuerunt
1673 1940 1703 1964 in
1724 1941 1811 1968 Mun..
1834 1941 1878 1965 Cr.
1900 1954 1930 1957 -
1951 1946 1976 1970 3.

135 1985 289 2017 minorum]
308 1985 359 2009 cosi
384 1986 470 2011 Μυκ..
493 1986 552 2015 Cr.;
579 1986 612 2010 de
631 1985 750 2009 minoris
769 1985 801 2008 Α.
823 1998 854 2001 γ
876 1992 899 2015 4.
918 1983 990 2015 sine]
1015 1985 1076 2008 sive
1096 1985 1183 2013 Μυκ.,
1211 1985 1255 2009 Cr.
1278 1998 1307 2001 ψ
1329 1989 1352 2014 5.
1367 1984 1483 2008 Canizia
1497 1985 1529 2008 A.
1549 1993 1561 2007 e
1582 1984 1642 2014 Cr.3
1663 1983 1766 2008 Cantia
1787 1985 1878 2008 Mum:
1900 1985 1946 2014 qui
1962 1993 1974 2006 ιτ

135 2033 235 2060 sempr-e
254 2031 281 2054 in
299 2031 402 2061 segulla
423 2043 433 2047 -
453 2030 547 2061 quam]
566 2030 619 2054 cosi
640 2030 726 2058 Mun..
749 2030 809 2058 Cr.3
829 2029 877 2060 qui
895 2029 927 2052 A.
949 2042 980 2046 -—
1000 2029 1024 2052 6.
1044 2028 1139 2052 funem
1160 2035 1228 2053 corr.
1247 2028 1340 2058 Μυκ.;
1359 2028 1439 2052 finem
1458 2029 1497 2057 A„
1520 2029 1564 2053 Cr.
1586 2042 1595 2046 -
1615 2027 1710 2059 quam]
1726 2028 1814 2057 Μυκ.,
1834 2028 1887 2053 cosi
1907 2029 1970 2057 Cr.3

139 2073 249 2105 quidem
269 2074 300 2098 A.
322 2087 353 2090 —
373 2082 398 2105 9.
418 2076 445 2097 et
465 2075 562 2098 avanti
581 2082 597 2096 a
617 2081 677 2098 ecce
696 2081 744 2097 om.
770 2073 859 2105 Mum,
886 2074 931 2097 Cr.
952 2087 982 2089 —
1007 2080 1045 2097 10.
1072 2072 1187 2096 Terlicii
1213 2073 1291 2096 Μυκ.
1316 2073 1361 2104 qui
1382 2081 1394 2095 e
1412 2078 1511 2103 sempre
1529 2086 1536 2090 -
1554 2072 1715 2097 Cateuzano
1736 2073 1822 2102 Μυκ.,
1845 2073 1903 2101 Cr.;
1924 2071 1975 2096 Ca-

93 2124 106 2148 5
138 2119 237 2142 tezano
255 2118 289 2141 A.
312 2132 342 2134 —
366 2125 404 2149 13.
423 2117 535 2148 statim]
556 2118 608 2142 cosi
628 2118 713 2147 Mum,
738 2118 798 2142 Cr.:
818 2119 907 2142 stanti
927 2118 960 2142 A.
982 2131 1013 2133 —
1036 2123 1075 2147 ¹5-
1095 2116 1259 2148 Gotofelus]
1278 2118 1324 2147 qui
1339 2118 1373 2142 A.
1391 2117 1424 2141 ha
1443 2116 1618 2146 Gotofrelus,
1632 2116 1732 2147 mapiic
1747 2115 1799 2148 gir'c
1819 2115 1976 2140 Gotofellus

137 2171 150 2184 e
169 2160 329 2191 Getofelusg
349 2161 425 2185 Μυκ.
445 2170 458 2184 e
478 2162 522 2185 Cr.
541 2164 642 2191 sempre
661 2160 844 2184 Gotofredus:
865 2162 888 2183 il
905 2159 971 2184 Chr.
987 2161 1041 2184 Est.
1055 2161 1159 2184 nomina
1171 2160 1224 2192 fra
1238 2161 1250 2182 ι’
1261 2161 1390 2184 traditori
1407 2160 1563 2184 Carafenus
1577 2159 1625 2192 (cf.
1639 2164 1702 2184 nota
1714 2159 1730 2182 ό
1744 2160 1816 2183 della
1825 2163 1854 2189 p.
1869 2159 1929 2191 142)
1945 2172 1976 2175 —

139 2205 179 2229 18.
188 2206 218 2228 in
232 2211 264 2228 οῦ
278 2205 363 2234 Mum,
379 2205 423 2230 Cr.
436 2218 468 2222 —
480 2211 521 2228 20.
535 2211 656 2228 acorono
670 2205 694 2227 si
705 2205 785 2235 legge
794 2204 839 2227 hen
852 2205 942 2228 cln'aro
954 2205 982 2228 in
995 2204 1027 2227 A.
1041 2212 1054 2227 e
1066 2211 1115 2227 non
1126 2211 1154 2228 so
1163 2202 1262 2234 perch>
1277 2204 1361 2233 Mun„
1375 2212 1388 2227 e
1403 2205 1448 2229 Cr.
1462 2204 1580 2228 abblamo
1592 2205 1723 2228 sosts’tuito
1733 2207 1820 2234 questo
1829 2204 1923 2235 grido,
1934 2203 1978 2226 che

128 2249 167 2281 su
186 2250 276 2272 usuale
294 2258 306 2272 e
318 2250 395 2280 quasi
411 2249 479 2273 diret
496 2249 527 2272 di
543 2249 595 2273 rito
607 2249 651 2272 nel
662 2256 710 2272 sec.
731 2248 809 2273 XIV
823 2254 870 2278 per
888 2249 1019 2272 chiamare
1036 2249 1119 2277 aiulo,
1139 2256 1199 2272 con.-
1212 2255 1323 2272 avr-eme
1336 2255 1456 2276 avreme,
1470 2248 1513 2272 clm
1526 2256 1573 2271 mm
1587 2248 1701 2272 avrebbe
1712 2255 1784 2271 senso
1800 2260 1830 2264 —
1847 2254 1887 2270 21.
1901 2246 1977 2270 fene-

138 2294 227 2317 stram
247 2301 294 2317 om.
313 2292 390 2317 Μυκ.
413 2306 444 2309 —
466 2298 505 2322 23.
525 2292 592 2317 salis
611 2292 644 2316 Α.
666 2306 695 2308 -
719 2299 758 2323 ²4-
780 2293 876 2316 avanti
893 2292 927 2316 ad
947 2292 974 2315 in
994 2293 1025 2316 A.
1045 2290 1058 2315 ὲ
1076 2301 1109 2315 un
1128 2294 1163 2320 et,
1177 2292 1221 2316 che
1235 2292 1313 2315 anche
1328 2292 1405 2316 Μυκ.
1418 2300 1431 2314 e
1447 2292 1491 2316 Cr.
1504 2300 1553 2315 nm.
1567 2304 1577 2309 -
1590 2292 1788 2316 colomnellum
1802 2299 1872 2315 corr.
1886 2290 1978 2320 Mun.⁷

77 2343 108 2360 10
140 2338 200 2366 Cr.;
220 2337 415 2370 colupenelum
434 2337 467 2361 A.
487 2350 498 2355 -
518 2338 547 2360 et
567 2337 664 2360 avanti
682 2345 698 2359 α
716 2336 819 2360 cecidit
833 2344 901 2368 agg.
922 2337 1008 2363 Μυκ.,
1030 2337 1074 2361 Cr.
1094 2349 1104 2353 -
1124 2337 1248 2360 exterius
1262 2343 1329 2360 corr.
1345 2336 1437 2360 Mum:
1452 2336 1572 2359 interius
1584 2336 1626 2364 A„
1642 2336 1687 2361 Cr.
1702 2349 1733 2352 —
1749 2341 1790 2365 25.
1804 2344 1820 2358 a
1834 2335 1978 2367 expiravit

138 2381 214 2405 Μυκ.
227 2381 266 2414 sa
283 2389 389 2413 seg-mre
408 2382 499 2405 alcuni
516 2381 634 2412 pantini,
659 2388 728 2405 come
742 2384 794 2411 per
818 2381 962 2412 segnalare
981 2388 1033 2403 mm
1052 2381 1163 2409 lat-anag
1183 2389 1225 2404 ma
1243 2382 1272 2404 in
1290 2381 1323 2404 A.
1343 2387 1392 2403 non
1411 2388 1444 2403 ve
1469 2378 1515 2402 n'b
1539 2381 1643 2404 traccia
1662 2393 1672 2398 -
1692 2379 1766 2411 quod
1786 2380 1865 2404 anche
1884 2379 1970 2408 Mun„

140 2426 184 2449 Cr.
199 2438 232 2442 ——
246 2424 288 2449 26.
301 2423 405 2449 Comes
424 2426 522 2449 avanti
534 2424 572 2448 ad
588 2424 671 2448 Ebuli
694 2432 740 2448 om.
761 2425 847 2452 Μυκ.,
863 2425 908 2448 Cr.
924 2439 954 2442 —
970 2430 1010 2455 ²7-
1026 2423 1188 2449 Cantezano
1208 2425 1249 2453 A„
1269 2424 1355 2453 Mum,
1378 2424 1422 2448 Cr.
1438 2436 1469 2441 —
1485 2423 1572 2456 28-29.
1591 2424 1655 2448 lune
1674 2425 1802 2455 seguentl
1816 2425 1853 2456 xij
1869 2424 1977 2448 decem-

135 2468 206 2500 bris]
219 2470 262 2492 nel
273 2476 340 2499 1³45
351 2470 376 2493 il
386 2476 420 2492 12
432 2469 562 2492 dt'cembre
569 2469 609 2501 fu
622 2471 773 2492 veramente
781 2468 883 2500 giorno
897 2468 926 2492 aa*
936 2468 1027 2492 lunedi

135 2545 289 2571 domenica,
310 2551 365 2567 non
385 2542 400 2567 ‘e
419 2544 540 2568 dubbio:
562 2551 638 2566 come
652 2544 733 2567 abbia
747 2545 846 2574 potuto
861 2544 920 2567 dire
936 2543 955 2566 il
970 2551 1027 2566 cro·
1081 2544 1094 2555 “
1106 2551 1189 2567 manu
1218 2544 1332 2574 propria
1353 2546 1521 2567 necaverant
1550 2544 1647 2567 ducem
1676 2544 1833 2575 praefatum
1845 2553 1877 2573 „;
1908 2544 1971 2572 essi,

76 2594 105 2619 ις

76 2805 109 2823 20

136 2587 209 2610 nista
229 2586 278 2609 che
297 2593 342 2609 era
362 2586 390 2609 la
404 2588 477 2610 terza
491 2586 637 2609 domenica
651 2587 741 2616 prima
755 2585 954 2610 dell’avvento.
969 2593 1025 2608 non

135 2629 157 2651 si
179 2628 361 2659 compi-ende:
382 2628 468 2651 anche
489 2635 516 2651 se
535 2636 550 2651 a
570 2627 690 2651 Modena
710 2627 852 2650 l'avvento
872 2634 917 2650 era
943 2634 1027 2650 osser—

137 2672 202 2693 vato
222 2670 342 2693 secondo
364 2669 384 2692 il
403 2670 460 2693 rito
481 2670 667 2696 ambrosiano,
694 2669 720 2692 la
746 2669 892 2692 domenica
920 2667 952 2692 18
977 2670 1027 2692 set-

135 2712 238 2735 tembre
258 2711 370 2735 sarebbe
389 2713 462 2735 stata
476 2711 593 2735 l'ottava
608 2712 698 2741 prixna
712 2710 910 2738 dell'avvento,
924 2712 1028 2733 comin-

136 2754 228 2776 ciante
244 2751 268 2776 ‘il
292 2760 321 2784 13
343 2754 502 2777 novembre.

225 2793 233 2810 ¹
247 2795 373 2819 Secondo
389 2796 409 2819 il
423 2794 551 2819 Gravina
565 2794 638 2825 (Chr.
652 2796 684 2819 de
698 2796 773 2818 rebus
784 2796 811 2818 in
819 2795 920 2825 Apulia
930 2796 1027 2826 gestis,

135 2838 177 2861 ed.
197 2838 254 2865 cit.‚
274 2845 319 2869 pp.
341 2837 437 2869 20-21),
458 2838 614 2862 Bertrando
628 2838 672 2861 del
688 2837 778 2867 Balzo,
795 2839 914 2861 maestro
928 2839 1028 2868 giusti-

136 2881 206 2902 ziere
225 2879 268 2903 del
289 2879 394 2910 Regno.
417 2880 473 2903 fece
493 2880 626 2910 prendere
652 2887 700 2910 per
719 2880 802 2910 primi
832 2880 842 2891 “
859 2879 1028 2903 Thomasius

140 2920 237 2944 “filius
257 2922 364 2944 domini
385 2921 465 2944 Pacis
485 2922 588 2944 dudum
608 2921 797 2944 cambellanus
822 2923 851 2944 et
878 2921 1027 2945 familiaris

139 2963 232 2986 “dicti
258 2963 336 2986 ducis
361 2963 491 2987 Andreae
517 2965 544 2987 et
571 2964 698 2987 notarius
719 2963 890 2993 Nicolaus,‚,
917 2965 924 2986 i
951 2964 1027 2994 quali

1079 2586 1231 2616 sottoposti
1253 2584 1309 2608 alla
1323 2586 1442 2613 tortura,
1462 2592 1547 2608 erano
1567 2592 1617 2616 per
1630 2585 1797 2614 confessare,
1817 2585 1928 2616 quando
1951 2584 1970 2606 il

1081 2628 1162 2650 conte
1182 2627 1209 2650 di
1231 2625 1348 2649 Terlizzi
1369 2624 1459 2657 tagii&
1486 2626 1512 2649 la
1539 2626 1637 2657 lingua
1658 2634 1672 2649 a
1698 2626 1848 2650 Tommaso
1875 2624 1973 2657 perche

1080 2666 1130 2699 piir
1144 2676 1200 2691 non
1214 2668 1352 2699 parlasseg
1367 2676 1410 2691 ma
1424 2667 1504 2699 pai-lo
1520 2667 1648 2696 Niecolo,
1660 2669 1779 2692 dicendo
1793 2669 1842 2692 che
1858 2669 1877 2691 il
1891 2670 1973 2691 conte

1081 2711 1107 2734 di
1120 2710 1238 2734 Terlizzi
1253 2718 1298 2734 era
1312 2712 1386 2734 stato
1402 2711 1527 2734 orditore
1541 2710 1615 2734 della
1630 2712 1765 2742 congiura
1779 2718 1792 2734 e
1808 2711 1972 2739 Bertrando,

1080 2752 1157 2783 figlio
1178 2753 1205 2776 di
1228 2752 1312 2776 Carlo
1332 2752 1460 2780 Artusio,
1480 2753 1604 2776 uccisore
1624 2753 1652 2776 di
1672 2753 1785 2776 Andrea
1806 2760 1854 2784 per
1873 2753 1972 2776 ordine

1081 2796 1109 2818 di
1130 2796 1223 2818 donna
1244 2794 1344 2818 Saneia
1359 2802 1372 2818 e
1387 2794 1460 2818 della
1476 2796 1652 2826 magistressa
1672 2796 1730 2826 (sua
1745 2795 1846 2819 sorella
1860 2794 1971 2818 Sancia-

1082 2837 1151 2861 tella
1163 2838 1191 2867 ἓ).
1212 2836 1375 2860 Giustiziati
1404 2836 1553 2860 Tommaso
1573 2845 1587 2860 e
1606 2836 1734 2863 Niccolb.
1755 2839 1776 2861 si
1801 2838 1933 2861 ‹thiedeva
1959 2846 1973 2860 a

1082 2887 1148 2902 voce
1167 2880 1194 2902 di
1216 2878 1322 2910 popolo
1343 2878 1469 2902 l’arresto
1490 2879 1533 2902 del
1555 2882 1636 2902 conte
1656 2879 1683 2902 <li
1711 2879 1841 2904 Terlizzi.
1870 2880 1918 2902 vhe
1947 2880 1974 2902 fu

1081 2928 1161 2952 preso
1195 2922 1310 2944 insieme
1343 2928 1394 2943 con
1427 2921 1453 2944 le
1486 2921 1538 2944 due
1567 2922 1659 2944 donne
1688 2920 1788 2944 Saucia
1820 2929 1833 2944 e
1861 2922 1972 2946 Sancia-

1085 2963 1162 2987 rella.

2005 2760 2038 2785 30

2007 2969 2038 2995 35

2046 407 2133 428 ..ron

2048 1623 2067 1636 c.
2084 1619 2126 1641 770
