2318 3603
149 423 167 437 r,
184 417 225 438 711³

150 1361 223 1383 Mra„
242 1363 280 1384 (³09

267 2495 297 2511 10

268 2755 295 2779 15

507 221 522 237 ‘
922 229 1237 267 CHRONICON
1266 230 1572 266 MUTINENSE
1995 236 2046 269 [A.
2068 238 2161 271 ιω]

342 305 2165 313 ........................................................................................................................................................................................................

332 354 421 385 festo
446 354 583 384 fuerunt
607 353 650 384 de
674 353 842 385 Romanis
857 360 891 385 et
906 353 981 384 aliis
1004 352 1301 384 circumstantibus
1325 352 1517 384 civitatibus
1541 353 1630 384 ultra
1647 353 1714 384 duo
1739 352 1833 383 milia
1857 353 2108 384 ambaxiatores
2132 359 2165 384 et

332 406 484 438 homines
507 406 701 447 equitantes
725 412 757 437 et
780 406 1000 438 astiludentes
1024 412 1058 437 et
1081 405 1161 436 luda
1187 411 1220 436 et
1241 405 1392 446 tripudia
1423 405 1600 437 facientes.
1649 404 1714 436 'Ibi
1738 405 1877 436 fuerunt
1907 406 2061 437 Perusini
2086 415 2163 437 cum

332 464 468 490 centum
501 458 653 490 barbutis
685 464 718 490 et
742 459 761 489 l.
786 459 900 500 pueris
925 469 1001 490 cum
1026 458 1124 499 equis
1156 457 1331 498 coopertis
1353 457 1483 489 indutis
1515 464 1549 489 et
1572 458 1710 489 armatis
1733 464 1766 488 et
1790 458 1878 499 aptis
1909 460 1955 490 ad
1979 458 2099 490 solatia
2130 464 2163 489 et

329 511 487 543 astiludia
502 511 673 542 facienda.
699 511 751 542 Ibi
768 511 833 543 fuit
848 511 1054 542 Manfredus
1071 510 1226 541 dominus
1242 509 1381 542 Corneti
1399 520 1475 541 cum
1493 510 1534 541 Lx:
1552 510 1746 541 hominibus
1759 511 2000 552 equitantibus,
2018 510 2164 552 [quibus]

331 564 518 595 donaverat
533 569 645 594 vestes
662 563 788 595 sericas
804 574 888 605 quas
904 562 1088 599 habebant,
1106 562 1163 604 qui
1179 562 1382 594 Manfredus
1400 562 1540 594 donavit
1556 562 1691 594 tribuno
1708 563 1801 594 mille
1818 563 1964 595 florenos
1980 564 2015 594 in
2032 563 2164 595 duabus

330 616 451 657 cuppis
473 616 545 646 auri
563 622 596 647 et
612 616 755 658 argenti.
803 616 854 647 Ibi
880 617 1019 647 fuerunt
1037 615 1131 647 circa
1155 621 1291 647 centum
1310 614 1409 646 tubae
1427 621 1636 652 resonantes,
1662 615 1872 657 ‚callamellae
1891 622 1923 647 et
1941 616 2162 648 instrumenta

332 668 398 700 alia
430 668 633 699 mirabiliter
662 669 866 700 resonantia.
914 668 965 700 Ibi
996 668 1062 700 fuit
1085 678 1173 699 uxor
1197 667 1280 699 dicti
1305 667 1451 699 Tribuni
1476 668 1578 708 [cum]
1604 668 1760 700 ducentis
1777 669 1969 700 hominibus
1992 668 2162 700 nobilibus

328 727 361 752 et
386 732 461 752 cum
487 721 679 763 quingentis
704 721 875 752 nobilibus
903 720 1105 753 dominabus
1132 720 1177 752 ad
1205 731 1330 762 equum
1354 719 1543 751 honorifice
1569 726 1602 751 et
1626 731 1702 751 cum
1735 722 1929 752 reverentia
1953 721 2162 753 sociantibus

327 773 447 815 ipsam.
496 772 546 804 Ibi
570 774 709 805 fuerunt
733 773 856 805 sindici
878 773 982 805 Urbis
1006 773 1065 814 [et]
1091 772 1251 804 dominus
1274 772 1465 804 Nicholaus
1490 772 1556 812 [de]
1580 772 1741 804 Armanis
1759 774 1802 805 de
1818 773 1997 815 Pe[ru]sia‚
2016 774 2074 816 qui
2091 773 2163 805 bal-

326 832 514 858 neaverunt
531 826 661 858 dictum
679 826 869 859 Tribunum
886 826 922 857 in
940 826 1074 857 concha
1091 825 1249 866 baptismi
1273 825 1491 857 Constantini
1514 825 1735 866 Imperatoris
1764 827 1903 868 antiqui.
1949 827 2001 858 Ibi
2024 828 2164 858 fuerunt

325 879 504 921 plusquam
536 878 711 921 octoginta
746 879 920 911 calderiae
950 889 1014 920 pro
1049 878 1207 910 convivio
1243 877 1402 920 praefato
1434 878 1506 908 sine
1540 878 1699 910 calderiis
1734 880 1890 911 dominae
1923 880 2038 911 uxoris
2069 890 2161 917 suae,

326 942 412 973 quae
438 932 576 963 fuerunt
591 931 680 963 ultra
704 931 949 974 quinquaginta
965 932 1012 963 ad
1028 931 1160 963 fercula
1177 931 1432 973 dequoquenda
1459 937 1607 971 paratae.
1654 930 1705 962 Ibi
1721 931 1787 963 fuit
1803 941 1909 974 equus
1926 932 2053 963 domini
2070 932 2161 964 Con-

324 984 462 1015 stantini
486 984 704 1025 Imperatoris
729 985 771 1016 de
796 984 934 1016 metallo
960 989 1144 1025 coopertus
1169 984 1211 1015 de
1230 994 1322 1021 varo,
1345 984 1394 1014 ita
1410 983 1633 1015 artificialiter
1665 984 1840 1016 ordinatus
1857 986 1949 1026 quod
1967 996 2008 1016 ex
2025 984 2163 1017 naribus

325 1036 566 1078 egrediebatur
582 1037 696 1068 vinum
721 1043 754 1069 et
770 1047 860 1079 aqua
876 1037 1039 1068 continuo
1064 1042 1098 1068 et
1121 1046 1221 1068 nemo
1246 1036 1387 1068 videbat
1411 1036 1584 1077 quomodo
1608 1043 1802 1077 poneretur.
1850 1037 1902 1068 Ibi
1926 1038 1991 1069 fuit
2015 1044 2161 1069 castrum

323 1090 365 1121 de
389 1096 485 1130 pasta
507 1089 734 1121 artificialiter
758 1090 898 1127 factum,
924 1099 966 1121 ex
990 1099 1058 1131 quo
1084 1089 1350 1131 exportabantur
1374 1089 1508 1120 vasoria
1525 1099 1601 1120 cum
1631 1089 1797 1127 vivandis‚
1825 1091 2023 1132 quo[modo]
2048 1097 2161 1122 autem

323 1142 587 1185 ingrederentur
610 1153 710 1174 nemo
735 1143 889 1175 videbat:
915 1143 949 1174 in
965 1143 1031 1174 fine
1048 1142 1186 1184 prandii
1205 1148 1352 1173 castrum
1376 1141 1588 1183 praedictum
1606 1142 1671 1173 fuit
1688 1142 1882 1184 dirupatum
1901 1149 1935 1175 et
1951 1154 2052 1185 super
2067 1154 2161 1175 men-

325 1205 380 1226 sas
410 1205 473 1237 pro
504 1205 571 1226 uno
603 1196 762 1228 convivio
796 1196 1024 1238 deportatum.
1071 1194 1136 1227 'Ibi
1168 1195 1254 1227 fecit
1277 1195 1451 1226 Tribunus
1474 1195 1718 1236 pulcerrimum
1742 1197 1989 1236 parlamentum
2014 1197 2160 1238 Spiritui

322 1248 450 1280 Sancto
474 1255 507 1280 et
531 1249 659 1291 populo
684 1259 826 1281 romano
851 1255 885 1281 et
908 1249 1044 1291 populis
1067 1248 1263 1281 forensibus
1288 1249 1332 1281 de
1357 1249 1485 1280 honore
1514 1247 1577 1279 sibi
1602 1249 1696 1280 facto
1714 1255 1747 1281 et
1764 1249 1833 1290 [de]
1852 1250 2075 1292 dignitatibus
2098 1261 2161 1292 per

320 1302 480 1343 populum
506 1302 611 1334 Urbis
634 1302 765 1334 amissis
791 1303 833 1334 de
858 1302 1002 1343 imperio
1027 1308 1061 1333 et
1083 1307 1222 1343 papatu,
1252 1302 1466 1333 exhortando
1491 1301 1654 1342 populum
1679 1308 1715 1333 ut
1738 1302 1803 1333 sibi
1828 1303 2019 1335 concedant
2043 1310 2160 1336 aucto-

328 1355 457 1386 ritatem
474 1354 672 1397 requirendi
690 1356 858 1387 electores
884 1355 1101 1396 Imperatoris
1117 1355 1161 1386 de
1176 1353 1358 1386 Alemania
1374 1361 1407 1386 et
1423 1355 1469 1386 ita
1486 1354 1696 1396 dignitatem'
1720 1355 1904 1396 perditam3
1930 1357 2022 1398 quod
2046 1356 2158 1388 statim

322 1408 454 1439 factum
478 1407 545 1439 fuit
570 1413 604 1439 et
627 1419 669 1439 ex
691 1409 758 1439 hoc
784 1407 981 1440 confectum
1005 1407 1069 1438 fuit
1093 1407 1245 1439 solemne
1274 1407 1543 1438 instrumentum.
1592 1406 1643 1438 Ibi
1669 1407 1771 1439 etiam
1817 1407 1963 1440 obtinuit
1987 1415 2020 1441 et
2042 1409 2161 1441 habuit

320 1471 340 1491 a
363 1461 492 1502 populo
517 1459 620 1492 Urbis
644 1461 738 1502 quod
762 1470 877 1492 omnes
901 1460 1012 1492 Italici
1036 1460 1103 1491 sint
1128 1466 1161 1491 et
1185 1469 1257 1491 esse
1282 1466 1484 1491 censeantur
1516 1460 1609 1491 cives
1640 1461 1772 1492 romani
1797 1461 1855 1502 [et]
1885 1462 2061 1504 gaudeant
2091 1463 2160 1503 pri-

322 1513 460 1555 vilegiis
484 1519 517 1544 et
541 1513 768 1555 dignitatibus
792 1514 1038 1545 Romanorum.
1085 1513 1170 1544 Item
1194 1518 1360 1544 mutatum
1392 1512 1458 1544 fuit
1491 1523 1614 1544 nomen
1642 1513 1788 1544 Tribuni
1819 1513 1855 1545 in
1886 1515 1977 1545 hunc
2003 1515 2159 1546 modum:

328 1568 342 1582 “
356 1565 593 1606 Candidat[us]
618 1566 765 1607 Spiritus
782 1566 911 1603 Sancti,
928 1565 1026 1597 miles
1050 1565 1215 1597 Nicolaus
1230 1576 1369 1597 severus
1385 1572 1420 1597 et
1437 1565 1597 1603 clemens,
1616 1566 1781 1597 liberator
1803 1566 1916 1604 Urbis,
1942 1568 2072 1610 celator
2095 1568 2161 1600 Ita-

325 1618 339 1634 L‘
355 1618 433 1656 liae,
458 1624 589 1651 amator
613 1618 725 1656 Orbis,
750 1618 924 1650 Tribunus
950 1624 1135 1661 augustus„
1150 1641 1158 1655 ‚
1184 1624 1217 1650 et
1232 1618 1279 1649 ita
1303 1624 1353 1650 est
1376 1618 1541 1660 sculpitus
1564 1619 1626 1649 iste
1652 1619 1766 1650 titulus
1790 1619 1825 1650 in
1851 1619 1966 1651 tabula
1989 1620 2161 1652 metallica

322 1671 427 1702 literis
451 1671 623 1703 deauratis
646 1682 747 1713 super
771 1671 872 1702 ianua
897 1670 1044 1703 Sanctae
1068 1670 1201 1702 Mariae
1226 1671 1270 1702 de
1296 1670 1446 1703 Araceli.
1493 1671 1543 1702 Ibi
1568 1671 1677 1703 eciam
1702 1672 1796 1704 dicto
1824 1672 1980 1704 Tribuno
2005 1679 2160 1715 portatae

322 1725 460 1755 fuerunt
484 1724 604 1755 literae
627 1735 669 1755 ex
693 1730 791 1765 parte
818 1723 926 1767 Regis
948 1723 1137 1766 Ungariae,
1169 1724 1203 1754 in
1228 1723 1350 1766 quibus
1383 1724 1553 1756 offerebat
1583 1724 1677 1756 dicto
1709 1724 1865 1757 Tribuno
1890 1725 1948 1766 [et]
1972 1735 2053 1757 suae
2078 1726 2160 1759 obe-

322 1777 473 1809 dientiae
490 1776 704 1818 subponebat
721 1776 812 1808 mille
829 1776 1001 1814 barbutas,
1026 1787 1112 1819 quos
1129 1776 1173 1808 ad
1191 1776 1363 1808 civitatem
1380 1776 1528 1819 Aquilae
1554 1787 1645 1808 nunc
1670 1777 1818 1809 habebat
1835 1788 1897 1819 pro
1923 1779 2159 1811 dominacione

322 1829 428 1871 ipsius
451 1830 610 1862 civitatis.
657 1830 711 1862 Ibi
737 1830 840 1861 etiam
873 1829 987 1861 eidem
1019 1829 1176 1860 Tribuno
1209 1839 1251 1861 ex
1282 1836 1378 1871 parte
1402 1829 1560 1873 Reginae
1589 1830 1829 1871 neapolitanae
1855 1836 1887 1862 et
1910 1831 2013 1863 totius
2043 1832 2160 1875 Regni

321 1880 477 1924 Apuleae
502 1882 639 1913 fuerunt
664 1882 782 1914 literae
807 1887 964 1924 portatae
982 1881 1018 1913 in
1036 1881 1159 1924 quibus
1185 1881 1352 1914 offerebat
1369 1882 1399 1913 ei
1416 1882 1506 1914 mille
1524 1881 1683 1914 barbutas
1699 1883 1733 1914 in
1751 1883 1904 1915 exercitu
1936 1884 1980 1915 ad
1996 1883 2158 1927 Aquilam

320 1935 511 1967 existentes.
536 1934 639 1967 'Item
655 1935 766 1967 eciam
783 1935 877 1967 dicto
894 1934 1051 1967 Tribuno
1068 1934 1207 1967 fuerunt
1224 1935 1372 1966 maxima
1389 1935 1480 1967 dona
1496 1936 1591 1967 facta
1607 1935 1756 1967 valentia
1772 1935 1861 1968 ultra
1876 1937 1991 1969 Mccc.
2009 1937 2159 1970 florenos

412 2099 434 2123 3.
454 2092 604 2125 coopertis]
632 2094 723 2124 captis
747 2092 789 2121 A„
816 2093 878 2122 Cra,
904 2100 951 2115 om.
978 2092 1054 2116 Μυκ.
1077 2104 1107 2108 -
1128 2099 1152 2122 4.
1172 2091 1272 2122 quibus
1291 2099 1338 2115 om.
1364 2092 1405 2121 A„
1425 2093 1513 2119 Mun..
1535 2093 1580 2117 Cr.
1602 2106 1632 2109 —
1655 2100 1677 2123 5.
1697 2093 1872 2118 donaverunt
1899 2095 1941 2122 A..
1973 2095 2060 2123 Mun..
2083 2096 2128 2120 Cr.
2148 2108 2158 2113 -

322 2136 434 2167 sericas]
450 2135 547 2160 feritas
566 2138 609 2166 A„
625 2138 679 2166 Cr.,
693 2138 770 2161 Mun.
785 2149 796 2154 -
809 2136 930 2161 florenos
942 2143 1012 2160 corr.
1027 2136 1119 2166 MUR.;
1133 2135 1298 2159 florentinos
1312 2136 1353 2163 Α.,
1373 2137 1417 2161 Cr.
1433 2150 1463 2152 ζ
1479 2137 1504 2160 6.
1519 2137 1611 2161 aureis
1626 2138 1653 2160 et
1669 2139 1794 2169 argentis
1806 2138 1854 2166 An,
1868 2139 1959 2162 aureis
1972 2140 1999 2162 et
2011 2140 2154 2170 argenteis

324 2181 411 2207 Mun..
439 2182 482 2205 Cr.
505 2195 536 2198 ἢ
557 2187 581 2212 7.
600 2189 662 2205 cum
682 2189 730 2204 non
750 2182 763 2204 ὲ
782 2182 825 2204 nei
851 2181 912 2204 testi
930 2193 961 2196 —
982 2187 1005 2211 9.
1025 2180 1052 2203 et
1077 2187 1126 2204 non
1146 2180 1159 2203 ὲ
1177 2188 1204 2203 ιη
1223 2180 1265 2207 A..
1285 2181 1371 2208 ΜυῐιἾ
1393 2182 1437 2203 (¹12
1459 2193 1469 2198 -
1489 2181 1521 2204 de
1548 2189 1615 2212 agg.
1646 2181 1733 2210 Mun„
1755 2182 1799 2205 Cr.
1821 2194 1831 2199 -
1852 2183 1968 2206 Perusia
1998 2183 2084 2212 Mun„
2113 2184 2158 2207 Cr.

325 2238 355 2240 —
380 2231 417 2248 11.
432 2225 573 2255 calderiisl
589 2225 732 2249 malderiis
745 2226 786 2254 A„
802 2225 889 2254 Mun„
911 2226 955 2249 Cr.
976 2236 1009 2241 —
1031 2230 1070 2247 12.
1089 2223 1233 2254 coquenda
1253 2224 1341 2254 Mun„
1357 2225 1401 2248 Cr.
1418 2238 1448 2241 —-
1467 2230 1504 2255 15.
1519 2225 1710 2257 esportebatur
1723 2225 1755 2249 Α.
1775 2238 1786 2243 -
1809 2225 1930 2256 vasoria]
1945 2228 1974 2250 in
1993 2227 2096 2251 cisoria
2108 2227 2157 2257 A.;

325 2269 457 2292 incisoria
474 2269 560 2297 Mun„
577 2270 621 2293 Cr.
637 2282 647 2287 -
660 2269 798 2300 quomodo
818 2268 895 2292 MUR.
915 2281 947 2284 —
971 2267 1009 2291 16.
1030 2267 1230 2299 ingredieretur
1248 2268 1281 2292 A.
1302 2281 1333 2284 —
1357 2273 1396 2297 17.
1418 2268 1487 2292 fecit
1506 2276 1573 2293 corr.
1595 2269 1685 2298 Munq
1705 2269 1760 2293 fuit
1778 2269 1819 2298 A„
1841 2271 1887 2294 Cr.
1905 2283 1916 2287 -
1936 2271 2105 2302 pulterinum
2124 2272 2157 2295 A.

325 2326 355 2328 —
380 2311 465 2341 17-18.
485 2312 604 2344 Spiritui
624 2313 727 2337 Sancto
746 2321 794 2336 om.
814 2313 902 2342 Mum,
923 2312 969 2336 Cr.
988 2325 1019 2328 —
1043 2310 1083 2335 18.
1102 2311 1262 2335 forensibus
1291 2319 1359 2336 corr.
1389 2313 1482 2342 Mun.;
1506 2313 1685 2336 tornensibus
1708 2312 1749 2342 A..
1771 2314 1816 2338 Cr.
1836 2326 1846 2330 -
1866 2315 1894 2337 et
1912 2314 1947 2337 de
1972 2314 2158 2346 dignitatibus

322 2364 392 2380 corr.
414 2357 507 2386 Mun.;
528 2357 556 2380 et
575 2356 728 2387 dignitates
748 2357 789 2385 A..
806 2358 851 2382 Cr.
865 2369 897 2373 —
916 2363 954 2386 19.
967 2355 1090 2384 amissis!
1105 2355 1155 2379 cosi
1170 2355 1262 2385 MUR.;
1277 2357 1394 2380 amissas
1413 2357 1455 2385 A..
1477 2358 1521 2381 Cr.
1543 2370 1573 2373 —-
1595 2362 1637 2380 22.
1652 2363 1666 2380 a
1680 2356 1795 2389 populo]
1809 2357 1937 2389 apostolo
1951 2358 1998 2387 A.;
2012 2359 2157 2390 apostolos

324 2400 412 2429 MUR„
434 2400 478 2423 Cr.
498 2412 508 2416 -
528 2399 585 2423 sint
603 2399 670 2430 et1e·
690 2401 824 2431 aggiunta
844 2400 995 2432 marginale
1015 2399 1041 2422 in
1060 2399 1092 2422 A.
1106 2411 1117 2417 -
1129 2400 1292 2422 censeantur
1306 2406 1375 2424 corr.
1390 2400 1476 2428 Mum,
1493 2401 1552 2426 Cre.
1567 2402 1697 2424 eesantur
1715 2401 1739 2423 A
1759 2399 1806 2432 (cf.
1826 2399 1889 2425 nell·
1898 2401 1984 2433 Epist.
2004 2402 2104 2431 XVII,
2118 2403 2157 2426 cd.

324 2444 392 2468 BR:
416 2450 474 2467 esse
493 2444 645 2475 censemus)
660 2457 669 2462 -
685 2446 711 2467 et
731 2445 827 2468 avanti
844 2443 985 2476 gaudeant
1001 2451 1069 2474 agg.
1091 2443 1178 2472 Mun„
1200 2443 1245 2467 Cr.
1267 2456 1296 2458 Α
1320 2449 1359 2473 25.
1381 2444 1466 2467 Orbis
1486 2451 1555 2469 corr.
1577 2444 1668 2471 Mum:
1690 2443 1774 2468 Urbis
1787 2445 1830 2474 A„
1847 2445 1890 2468 Cr.
1911 2457 1921 2462 -
1936 2445 2075 2470 metallica
2087 2453 2156 2470 corr.

326 2488 413 2517 Mun„
435 2488 494 2515 Cr.;
514 2488 650 2511 meti-ilica
669 2489 700 2511 A.
723 2501 753 2505 -
776 2494 815 2519 27.
836 2489 863 2512 et
882 2495 930 2512 non
950 2487 964 2511 ὲ
983 2488 1010 2511 in
1029 2487 1071 2516 A.,
1090 2487 1178 2516 Mun..
1198 2488 1244 2513 Cr.
1266 2501 1295 2503 —
1318 2487 1357 2511 28.
1378 2495 1535 2520 supponere
1557 2489 1631 2512 Mun.
1648 2494 1738 2519 -quas
1757 2489 1844 2515 Mun„
1865 2490 1909 2514 Cr.
1929 2502 1939 2506 -
1958 2490 2075 2521 Aquilae
2089 2498 2158 2515 corr.

323 2532 413 2561 Mun„
434 2533 495 2560 Cr.;
514 2532 631 2563 Aquilee
650 2533 683 2555 A.
704 2546 714 2550 -
734 2533 933 2556 nominacione
957 2532 1006 2561 A.;
1032 2531 1227 2556 dominatione
1253 2533 1338 2561 Mori..
1360 2533 1420 2561 Cr.;
1448 2532 1628 2556 defensione?
1651 2546 1681 2549 —
1702 2539 1742 2563 30.
1763 2533 1878 2564 Aquilee
1898 2534 1930 2556 A.
1951 2547 1982 2550 -
2003 2541 2046 2565 31.
2068 2534 2155 2566 Mccc]

324 2576 402 2599 Mille
422 2582 456 2605 30
473 2576 515 2605 A,
537 2577 595 2604 Cr.;
616 2577 733 2608 triginta
748 2577 832 2601 millia
852 2576 946 2606 MUR.·,
966 2584 1008 2600 ma
1021 2574 1176 2600 l'abitudine
1196 2575 1241 2599 dcl
1257 2577 1356 2606 copista
1376 2577 1405 2599 ‹li
1419 2577 1449 2599 Α.
1471 2577 1506 2599 mi
1524 2577 1557 2605 fa
1576 2580 1702 2607 supporre
1720 2577 1765 2600 che
1785 2577 1813 2599 la
1825 2584 1873 2601 sua
1885 2577 1926 2601 sia
1939 2581 2033 2602 errata
2047 2579 2157 2603 trascri-

324 2620 397 2642 :ione
411 2619 439 2642 di
453 2619 527 2643 Mccc
547 2632 557 2636 -
574 2619 737 2643 florentinos
752 2620 796 2649 A.;
811 2620 978 2644 florenorum
990 2620 1082 2648 Mun.;
1096 2619 1306 2643 florentinorum
1324 2620 1366 2644 Cr.

327 2717 358 2742 37
378 2718 392 2734 e
412 2709 465 2742 41),
486 2711 558 2734 nelle
578 2712 654 2741 quali
674 2712 730 2743 egli
751 2712 774 2735 sl
789 2712 968 2737 sottoscrisse
982 2713 1125 2743 appunto:
1143 2711 1214 2734 “Ni-
1271 2713 1352 2735 usato
1372 2712 1406 2735 da
1427 2711 1499 2736 Cola
1521 2712 1594 2736 nella
1615 2713 1712 2737 lettera
1733 2713 1760 2736 ai
1780 2713 1940 2737 Fiorentini
1961 2713 2005 2737 del
2023 2720 2053 2746 19
2067 2714 2159 2746 luglio

328 2753 340 2765 “
351 2753 448 2776 colaus
459 2769 465 2776 .
478 2772 481 2776 .
493 2769 500 2776 .
511 2769 518 2776 .
529 2760 640 2776 severus
654 2756 680 2776 et
692 2754 809 2777 clemens
823 2771 830 2779 .
842 2774 847 2778 .
860 2773 864 2778 .
878 2773 882 2778 .
895 2755 971 2785 pacis
985 2754 1155 2785 iusticieque‘
1166 2754 1214 2778 tri-
1270 2753 1353 2783 (ediz.
1373 2755 1429 2783 cit..
1448 2753 1496 2782 111.
1507 2753 1560 2786 59).
1580 2754 1613 2778 Se
1627 2762 1694 2785 pure
1709 2761 1765 2778 non
1779 2754 1872 2778 allude
1886 2754 2078 2779 all'annuncio
2094 2756 2159 2781 dato

328 2794 339 2806 ‘¹
353 2794 441 2817 bunus
461 2796 487 2817 et
507 2801 582 2818 sacre
603 2801 716 2817 romane
737 2795 889 2826 reipublice
904 2796 1038 2819 liberator
1051 2795 1173 2819 illustris
1184 2804 1214 2825 „;
1270 2794 1303 2817 da
1325 2793 1395 2818 Cola
1416 2795 1464 2819 che
1484 2796 1505 2819 il
1528 2803 1537 2819 1
1561 2799 1660 2827 agosto
1681 2796 1798 2820 avrebbe
1819 2799 1933 2820 assunto
1949 2797 1968 2819 il
1987 2798 2158 2821 navalierato

326 2843 368 2859 ma
387 2837 494 2866 quanto
515 2836 541 2859 al
561 2836 766 2861 cambiamento
787 2837 831 2860 del
845 2838 941 2865 titolo,
953 2837 997 2861 col
1011 2837 1092 2868 quale
1105 2837 1161 2868 egli
1175 2838 1214 2860 al·
1270 2835 1371 2867 (Epist.
1390 2837 1499 2866 lx-XI),
1522 2838 1594 2861 fatto
1613 2837 1642 2861 di
1662 2839 1704 2861 cui
1726 2844 1809 2869 segue
1829 2838 1903 2861 nella
1923 2838 2051 2862 Cronaca
2066 2839 2086 2862 il
2100 2847 2156 2863 rac-

325 2878 386 2901 lora
405 2884 519 2901 assunse
538 2878 560 2901 il
579 2885 706 2910 governo
726 2879 755 2902 di
775 2879 874 2908 Roma,
888 2886 989 2903 nessun
1011 2886 1099 2902 cenno
1112 2877 1127 2902 ὲ
1141 2880 1215 2902 nelle
1269 2880 1354 2901 conto
1375 2878 1423 2902 che
1443 2878 1588 2902 Giovanni
1610 2880 1645 2903 (la
1664 2880 1790 2904 Bazzano
1811 2880 1878 2903 deve
1898 2887 1962 2903 aver
1982 2882 2069 2905 tratto
2083 2881 2158 2906 dalla

325 2919 377 2943 due
397 2920 534 2951 epistole3
554 2921 778 2951 probabilmente
799 2921 818 2945 il
839 2922 1044 2946 cambiamento
1064 2921 1093 2945 fu
1114 2921 1159 2945 nel
1180 2923 1213 2944 ti·
1270 2919 1410 2944 relazione
1430 2921 1576 2945 ini-iatam»
1597 2923 1621 2945 ai
1643 2920 1751 2953 Pepoli.

266 2967 298 2983 20
326 2961 387 2985 tolo
407 2961 437 2985 di
459 2960 471 2973 “
486 2962 557 2985 alme
576 2962 660 2986 Urbis
680 2963 819 2994 prefectus
840 2964 984 2993 illustrIs„
1009 2963 1058 2987 che
1084 2963 1214 2988 vediamo

2191 827 2228 857 10

2189 1091 2225 1122 15

2184 1359 2224 1388 20

2184 1621 2224 1652 25

2183 1887 2224 1918 30

2187 2893 2217 2918 25
