2370 3603
51 815 88 845 10

45 1342 86 1372 20

45 1648 84 1680 25

50 2233 80 2249 10

50 2471 77 2495 ¹5

48 2682 81 2699 20

47 2893 78 2919 25

113 228 276 262 [A.1³43]
724 220 988 256 IOHANNIS
1017 220 1086 255 DE
1114 218 1338 254 BAZANO

113 356 133 376 a
157 344 297 377 domino
321 344 527 376 Marchione
550 344 686 380 estensi,
709 343 861 374 Mastino
886 343 928 374 de
953 344 985 374 la
1010 343 1110 374 Scala
1135 349 1169 373 et
1194 343 1332 373 domino
1350 341 1524 372 Bononiae
1550 339 1607 371 die
1633 339 1741 370 sabati
1764 337 1810 380 xij
1827 336 1943 379 aprilis

113 406 148 428 se
172 403 416 438 separaverunt
440 397 520 428 inde
543 403 577 427 et
600 396 720 427 decem
744 396 929 427 banderiae
954 397 1088 427 iverunt
1111 406 1228 427 versus
1251 395 1412 426 Tusciam
1437 400 1471 425 et
1495 393 1564 434 viij.
1582 391 1766 424 banderiae
1783 390 1941 432 Carpum.

110 447 250 489 Reliqui
272 448 478 479 transierunt
500 447 631 478 Padum
656 452 689 478 et
711 446 847 478 iverunt
869 457 984 477 versus
1007 451 1121 487 partes
1137 445 1336 476 Alemaniae
1363 451 1395 476 et
1412 444 1455 475 ad
1480 443 1643 474 nichilum
1661 446 1891 483 pervenerunt
1908 440 1941 470 in

114 499 280 531 divisione
305 500 488 531 existentes
503 510 567 541 per
582 499 737 530 florenos.
784 499 883 530 Tunc
907 499 1002 542 xviiij
1021 499 1164 530 ianuarii
1182 498 1329 530 decessit
1345 497 1586 529 illustrissimus
1602 495 1765 537 princeps
1782 501 1816 526 et
1834 492 1942 525 domi-

111 562 174 583 nus
198 552 355 583 dominus
371 553 449 584 Rex
471 551 646 583 Robertus
671 552 713 583 de
738 552 839 583 domo
865 551 1044 589 anciae,
1070 552 1147 583 Rex
1171 550 1335 592 Apuleae,
1353 551 1410 592 qui
1434 550 1517 581 vixit
1533 550 1568 580 in
1585 558 1690 590 regno
1714 558 1776 589 per
1792 546 1942 588 spacium

112 604 250 647 triginta
273 614 439 636 annorum
464 610 496 635 et
519 605 616 641 ultra,
641 604 675 634 in
699 614 767 645 quo
784 605 967 647 viguerunt
991 604 1132 636 virtutes
1156 604 1214 644 [et]
1240 603 1405 635 scientiae
1428 602 1625 638 universae3
1649 607 1682 632 et
1708 600 1857 641 sepultus
1879 598 1943 630 fuit

113 657 260 698 Neapoli
278 657 369 698 apud
385 657 546 688 Sanctam
570 657 705 688 Claram
722 658 756 687 in
774 657 893 688 habitu
910 658 1050 688 fratrum
1068 658 1250 688 minorum:
1270 656 1324 687 cui
1343 655 1504 687 successit
1520 655 1556 685 in
1571 663 1678 696 regno
1694 653 1832 694 Regina
1847 652 1944 683 Iova-

113 709 192 741 nina
207 709 276 741 filia
291 709 350 740 filii
364 709 413 740 sui
428 710 448 746 ¹,
462 708 556 751 'quae
574 709 639 740 fuit
654 720 739 740 uxor
755 708 918 741 Andreae
935 709 1052 740 fratris
1068 709 1237 741 Ludovici
1253 709 1359 751 Regis
1375 708 1560 749 Ungariae.
1585 707 1683 738 Tunc
1702 705 1859 737 dominus
1874 705 1945 737 Gu-

111 761 243 793 lielmus
259 762 347 794 tituli
364 761 565 793 Sanctorum
583 768 727 804 quatuor
744 762 993 794 Coronatorum
1009 762 1204 793 Cardinalis
1219 761 1313 793 venit
1328 771 1390 802 pro
1408 761 1538 802 Legato
1555 758 1785 791 Lombardiae
1797 757 1818 789 ².
1843 757 1943 788 Tunc

112 814 221 846 frater
242 814 424 851 Dionisius‚
449 814 556 845 frater
578 814 821 845 heremitarum
848 814 965 846 Sancti
984 813 1178 856 Augustini,
1195 814 1307 845 factus
1331 813 1394 844 fuit
1410 819 1443 844 et
1460 818 1593 844 creatus
1609 810 1780 854 generalis
1796 810 1946 841 minister

113 867 195 899 dicti
219 867 349 898 ordinis
372 867 422 898 sui
447 873 480 898 et
504 867 570 898 fuit
594 868 681 898 filius
705 868 851 898 condam
876 867 1053 899 Francisci
1079 867 1122 898 de
1145 867 1296 904 Cesorio,
1322 873 1355 898 et
1380 873 1459 897 tunc
1485 867 1527 898 de
1560 875 1675 896 mense
1706 864 1786 895 maii
1814 864 1943 894 fact-um

112 919 178 951 fuit
202 919 385 961 capitulum
410 919 619 960 provinciale
644 920 813 951 dictorum
838 919 980 951 fratrum
1004 920 1038 950 in
1064 919 1202 951 civitate
1225 918 1389 950 Mutinae.
1435 919 1499 949 Die
1517 918 1604 949 iovis
1619 916 1739 958 :aviiij
1756 915 1834 947 maii
1850 914 1943 946 Mar-

113 971 192 1004 chio
217 973 311 1004 venit
333 971 503 1003 Mutinam
528 978 560 1003 et
584 972 754 1004 ordinavit
778 972 896 1013 [refici]
922 978 1067 1003 castrum
1092 971 1355 1014 Marcalearum,
1381 977 1414 1002 et
1446 971 1488 1002 de
1519 980 1634 1001 mense
1658 968 1742 1000 iunii
1774 967 1945 1010 sequentis

111 1024 280 1055 refactum
304 1024 369 1056 fuit
393 1024 523 1056 dictum
547 1031 692 1056 castrum
716 1024 968 1067 Marcalearum
981 1023 1001 1056 ³.

198 1076 363 1108 Dominus
387 1076 548 1118 Galacius
572 1076 628 1117 [de
653 1077 812 1117 Medicis]
838 1076 881 1108 de
905 1076 1043 1107 Feraria
1066 1076 1222 1108 Potestas
1246 1076 1399 1107 Mutinae
1423 1086 1486 1117 pro
1518 1075 1656 1107 domino
1680 1073 1882 1106 Marchione
1908 1072 1941 1103 in

110 1128 352 1171 M.cccxxxxiij
378 1129 411 1160 in
435 1129 561 1160 ultimis
585 1139 643 1161 sex
667 1129 837 1161 mensibus
860 1129 1006 1170 inceptis
1030 1129 1063 1159 in
1090 1129 1242 1161 calendis
1263 1128 1333 1159 iulii
1346 1128 1367 1159 ⁴.
1415 1129 1477 1160 Die
1501 1128 1610 1159 sabati
1632 1127 1709 1169 xxvj
1742 1126 1815 1158 iulii
1840 1126 1945 1167 depo-

111 1181 194 1213 situs
210 1181 300 1222 [fuit]
316 1188 350 1213 et
373 1182 533 1223 expulsus
557 1182 599 1214 de
624 1182 761 1214 civitate
786 1182 981 1214 Florentiae
1007 1182 1075 1212 dux
1099 1181 1288 1213 Atenarum
1305 1188 1386 1212 tunc
1405 1181 1560 1213 dominus
1585 1180 1689 1222 ipsius
1705 1179 1850 1211 civitatis
1866 1177 1943 1210 Flo-

111 1235 259 1272 rentiae3
276 1235 345 1277 qui,
362 1245 430 1266 non
446 1246 541 1267 more
566 1235 724 1272 humano,
742 1236 804 1267 sed
821 1235 940 1276 spiritu
954 1234 1125 1266 diabolico
1143 1235 1326 1276 inspiratus
1343 1241 1376 1266 et
1393 1234 1484 1266 omni
1502 1233 1682 1266 ferocitate
1706 1232 1867 1274 repletus,
1885 1231 1945 1263 do-

110 1287 256 1319 minatus
271 1288 336 1319 fuit
361 1288 503 1319 eandem
528 1288 702 1320 civitatem
727 1294 760 1319 et
783 1287 886 1329 ipsius
902 1287 1060 1319 dominus
1084 1287 1169 1319 fecit
1193 1288 1316 1329 laqueo
1340 1287 1503 1328 suspendi
1526 1285 1609 1328 xxij.
1626 1286 1668 1317 de
1693 1284 1855 1316 militibus
1878 1293 1946 1314 me-

111 1340 252 1372 lioribus
276 1341 390 1372 dictae
414 1340 560 1372 civitatis
584 1347 617 1372 et
641 1341 732 1382 ipsos
748 1340 905 1372 homines
921 1350 1040 1372 omnes
1056 1340 1245 1382 expoliavit
1269 1346 1302 1372 et
1325 1339 1393 1371 alia
1409 1339 1642 1371 crudelissima
1661 1337 1770 1369 extitit
1787 1342 1946 1378 operatus

110 1403 204 1425 more
229 1393 405 1425 tirannico.
452 1393 497 1424 Et
521 1399 601 1424 tunc
626 1393 660 1424 in
684 1393 744 1424 illa
769 1392 967 1434 expulsione
985 1393 1121 1435 quidam
1141 1393 1211 1424 eius
1228 1403 1337 1434 nepos
1354 1393 1470 1425 furore
1487 1391 1605 1434 populi
1622 1391 1730 1422 extitit
1745 1390 1948 1422 interfectus

110 1452 144 1478 et
160 1446 315 1478 similiter
330 1446 426 1478 multi
443 1446 595 1478 eiusdem
613 1446 773 1478 officiales
790 1446 822 1476 in
840 1446 914 1487 ipsa
931 1446 1066 1477 civitate
1084 1445 1279 1478 Florentiae
1296 1446 1436 1477 fuerunt
1452 1445 1567 1488 gladio
1584 1443 1778 1485 interempti
1791 1442 1811 1474 ⁵.
1844 1441 1945 1472 Tunc

110 1500 153 1531 de
177 1509 293 1531 mense
317 1499 388 1530 iulii
412 1499 506 1531 circa
523 1499 624 1530 finem
642 1499 754 1530 Roma
778 1499 946 1530 Mutinam
972 1499 1214 1530 transtulerunt
1230 1499 1343 1529 literas
1360 1497 1572 1539 infrascripti
1595 1495 1761 1528 tenoris⁶z

203 1597 217 1612 ¹¹
230 1595 260 1627 O
284 1605 354 1633 vos,
371 1595 462 1627 unici
486 1595 586 1626 amici
604 1595 778 1632 carissimi,
797 1601 1044 1637 cognoscentes
1062 1605 1121 1626 vos
1138 1594 1322 1636 participes
1338 1599 1531 1625 nostrorum
1547 1593 1749 1635 gaudiorum
1767 1601 1852 1629 esse,
1869 1591 1946 1623 inti-

115 1650 130 1665 “
142 1659 272 1681 mamus
287 1649 380 1690 quod
396 1649 625 1680 sanctissimus
642 1654 675 1679 et
691 1648 948 1691 benignissimus
963 1654 1063 1689 pater
1079 1653 1114 1679 et
1130 1647 1286 1679 dominus
1302 1653 1417 1679 noster
1433 1646 1594 1679 Clemens
1617 1651 1857 1677 sacrosanctae
1873 1645 1946 1676 Ro-

115 1703 129 1719 “
142 1711 262 1734 manae
274 1701 455 1733 Ecclesiae
468 1707 501 1733 et
513 1701 712 1733 universalis
724 1701 901 1732 Ecclesiae
915 1711 1064 1732 summus
1077 1701 1233 1742 pontifex
1247 1701 1289 1732 ad
1303 1699 1464 1741 supplicis
1475 1699 1653 1741 peticionis
1664 1698 1863 1730 instanciam
1877 1709 1947 1730 am-

199 1836 224 1860 3.
244 1828 349 1853 Padum
369 1829 455 1857 MUR..
477 1830 531 1859 Cr.‚
551 1830 605 1853 M.:
626 1828 751 1853 Paduam
771 1829 794 1852 A
815 1843 846 1846 —
866 1836 888 1859 4.
911 1835 958 1859 per
978 1828 1110 1859 florenos]
1132 1835 1180 1859 per
1200 1828 1381 1851 Florentinos
1407 1827 1448 1855 A,
1469 1827 1555 1856 Mum.
1578 1827 1622 1851 Cr.
1642 1839 1651 1844 -

111 1874 190 1898 Tunc
212 1879 241 1896 12
264 1873 318 1897 lan.
338 1873 379 1901 A..
402 1874 462 1902 (ἵης
486 1873 624 1897 Mcccxliii
644 1872 688 1896 die
708 1879 760 1896 xix
781 1874 835 1905 jan.
857 1873 948 1900 Mun&
970 1872 1000 1895 di
1010 1873 1088 1904 fatto
1109 1880 1138 1896 rr
1160 1872 1274 1896 li’nbrrto
1294 1871 1360 1895 mori
1379 1873 1403 1895 il
1420 1877 1451 1900 19
1467 1871 1580 1903 gennaio
1599 1878 1664 1902 1343
1685 1884 1712 1887 Α
1735 1870 1759 1895 6.
1785 1869 1945 1902 viguerunt]

110 1917 162 1941 cosi
176 1917 267 1945 MUR.;
282 1918 413 1949 vigerunt
425 1917 468 1945 A„
487 1916 530 1940 Cr.
545 1930 556 1935 —
568 1918 594 1940 et
609 1918 708 1941 avanti
725 1925 740 1940 a
760 1916 891 1940 scientiae
912 1925 978 1947 agg.
1001 1916 1089 1939 Mra..
1112 1917 1157 1940 Cr.
1178 1929 1209 1933 ——
1232 1922 1255 1945 7.
1275 1915 1408 1947 Neapolis
1423 1916 1454 1939 A.
1466 1929 1497 1932 —
1515 1922 1554 1938 11.
1569 1914 1697 1946 Cesorio]
1712 1914 1762 1938 cosi
1783 1914 1870 1943 Mra„
1886 1914 1945 1939 (ἲν-ς

111 1960 242 1985 Cesoriro
260 1961 290 1984 A.
307 1974 338 1977 —
356 1967 394 1984 12.
412 1960 526 1992 xxviiii]
548 1961 580 1984 23
599 1961 641 1989 A..
662 1961 748 1989 Mun..
770 1961 830 1985 Cr.:
850 1969 892 1984 ma
911 1961 934 1983 il
950 1961 984 1984 28
998 1961 1108 1991 ›narffgio
1121 1960 1230 1991 1545fu
1244 1959 1392 1987 mercoledl,
1407 1959 1498 1990 quincii
1510 1960 1538 1983 la
1551 1960 1616 1983 data
1630 1962 1715 1983 «satta
1728 1957 1853 1982 ἄστη-δὸς
1865 1964 1948 1981 esswe

110 2012 154 2034 29,
171 2005 214 2029 che
234 2003 247 2028 ὲ
265 2006 344 2029 anclec
369 2005 458 2035 quella
483 2005 512 2028 di
533 2005 590 2028 M..-
617 2005 660 2028 die
680 2004 754 2029 iovis
774 2005 875 2036 xxviiij
896 2005 963 2028 maii
984 2017 1015 2020 —
1041 2010 1078 2033 ¹3-
1098 2003 1170 2028 refici
1189 2013 1257 2035 agg.
1278 2004 1331 2027 mia
1351 2016 1382 2020 —
1408 2008 1446 2033 15.
1465 2004 1611 2028 Galassius
1631 2003 1717 2030 Mun..
1739 2003 1799 2032 (ἵης
1820 2001 1946 2026 Galasius

111 2050 143 2073 de
158 2048 280 2073 Medec1s
293 2049 334 2073 M.
350 2062 380 2065 —
399 2048 437 2073 16.
453 2049 481 2072 in
495 2048 611 2079 ultimis]
626 2049 655 2072 in
671 2049 767 2080 primis
781 2048 823 2077 A„
839 2050 897 2078 σῆς
919 2050 946 2071 in
968 2049 1113 2079 postremis
1127 2049 1203 2071 Mun.
1220 2062 1250 2065 —-
1269 2054 1306 2079 ¹7·
1327 2046 1380 2071 fuit
1400 2056 1468 2080 agg.
1484 2048 1570 2077 MUR.y
1593 2048 1646 2076 Cr.‚
1667 2055 1709 2069 ma
1728 2047 1795 2078 ‹lopn
1813 2045 1946 2078 expulsus

113 2107 142 2110 —
166 2094 197 2118 18
217 2101 231 2116 c
251 2100 293 2117 21.
313 2101 388 2116 more
407 2101 473 2118 corr.
496 2094 592 2121 Mra&
617 2095 705 2116 morte
733 2094 774 2121 A„
797 2094 842 2117 Cr.
863 2106 892 2109 m·
918 2093 1006 2123 18-19.
1027 2092 1188 2116 dominatus
1207 2100 1275 2116 corr.
1297 2092 1390 2120 Mun.;
1411 2092 1560 2115 damnatus
1579 2093 1623 2120 A„
1644 2092 1690 2116 Cr.
1710 2104 1741 2108 —
1767 2098 1803 2120 κ).
1829 2090 1943 2114 eandem

110 2137 255 2161 civitatem
270 2138 297 2160 et
313 2138 402 2170 ipsius
415 2136 560 2167 dominus]
574 2136 661 2160 eidem
677 2138 786 2160 clvitati
803 2137 826 2159 ei
843 2138 931 2169 ipsius
945 2137 1052 2159 domini
1067 2137 1098 2159 Α.
1114 2145 1127 2157 c
1143 2138 1202 2159 Cn:
1215 2136 1305 2159 eidem
1320 2136 1433 2160 civitati
1453 2137 1477 2159 et
1501 2138 1559 2167 Ipse
1573 2136 1702 2159 dominus
1717 2135 1795 2159 Men.
1812 2147 1840 2150 >-
1859 2140 1944 2164 19-20.

111 2182 249 2205 militibus
270 2181 425 2205 milioribus
446 2182 494 2204 A:
516 2190 555 2203 ma
575 2182 601 2203 1¹11
620 2181 758 2204 militibus
772 2182 795 2203 lc
812 2183 905 2203 latere
920 2181 941 2204 it
956 2188 1018 2204 sono
1037 2184 1104 2203 slat(
1123 2184 1235 2205 cnrl'rttv
1256 2181 1281 2202 1¹21
1301 2188 1330 2204 er
1349 2184 1397 2209 per
1416 2181 1489 2203 ntodn
1508 2181 1551 2203 clu·
1568 2180 1743 2203 samby-prame
1763 2179 1872 2202 dovaerst'
1890 2179 1943 2207 leg*-

107 2234 176 2257 gere
195 2225 352 2252 milei-ibus:
374 2225 512 2249 militibus
533 2233 578 2248 nm.
601 2225 686 2249 Mur..
703 2226 748 2248 Cr,
764 2239 793 2242 νὴ
813 2231 850 2247 20.
864 2226 890 2247 et
904 2226 936 2248 ad
953 2226 1005 2248 alia
1024 2225 1058 2247 M-
1075 2232 1106 2248 κ..
1124 2226 1167 2248 (ἰν.
1190 2237 1199 2241 -
1222 2223 1367 2254 uper-suus]
1388 2225 1520 2254 :maratus
1539 2225 1580 2247 A..
1603 2225 1663 2248 Cn:
1684 2226 1797 2255 paratus
1818 2223 1892 2246 Mra.
1915 2235 1943 2238 —

111 2276 152 2302 ²3·
170 2270 258 2294 Roma
277 2269 413 2293 Mutinam
434 2270 639 2293 tran‹.m¹erunt
665 2268 773 2300 literas]
788 2270 943 2293 Romanum
967 2270 1165 2292 transtulerunt
1186 2269 1284 2291 literas
1304 2269 1334 2291 A.
1354 2270 1411 2291 (5222
1433 2268 1522 2291 Roma
1543 2269 1680 2291 venerunt
1698 2268 1795 2291 literae
1816 2267 1892 2290 Mmz.

195 2338 201 2355 ¹
224 2340 308 2364 Carlo
334 2339 467 2372 d‘Anjou,
491 2341 559 2364 duca
580 2341 606 2363 di
635 2339 780 2363 Calabria:
803 2339 953 2364 Giovanna
974 2340 992 2366 Ι,

107 2390 155 2407 sua
174 2382 258 2414 tigna,
280 2380 364 2413 spos&
378 2381 489 2406 Andrea
509 2382 588 2413 figlio
602 2381 631 2405 di
652 2380 806 2405 Can-oberto
820 2381 950 2413 (l'Anjou‚
966 2390 994 2404 re

106 2424 286 2455 d’Ungheria‚
307 2423 327 2447 il
349 2423 382 2447 26
401 2424 547 2447 settembre
571 2431 643 2455 ¹333·

193 2463 205 2480 ²
223 2464 385 2497 Guglielmo
405 2465 485 2490 Curti
506 2473 523 2489 ο
544 2466 648 2497 meglio
669 2466 766 2493 Court„
787 2465 815 2489 di
843 2466 994 2497 Mirepoix„

108 2507 179 2532 fatto
199 2507 341 2532 cardinale
361 2507 406 2531 nel
429 2508 494 2539 1338
514 2507 630 2539 (EUBEL,
651 2507 670 2535 Ι,
699 2507 740 2537 17)
767 2508 812 2531 dal
839 2507 925 2531 titolo
951 2508 992 2530 dei

106 2549 185 2573 Santi
200 2548 321 2577 Quattro
335 2549 482 2579 Coronati,
497 2552 600 2573 venuto
614 2550 707 2581 legato
722 2551 749 2572 in
771 2549 946 2578 Lombardia,
967 2550 993 2572 vi

108 2592 213 2622 impose
233 2591 346 2615 collette
367 2591 392 2614 al
413 2591 487 2615 clero
513 2599 527 2614 e
555 2592 611 2614 fece
638 2591 695 2614 fare
715 2598 769 2614 una
790 2592 886 2621 tregua
906 2591 932 2614 di
954 2593 996 2614 tre

108 2633 173 2657 anni
186 2634 229 2657 tra
244 2634 252 2656 i
264 2633 391 2657 Visconti
404 2640 419 2656 e
430 2634 437 2656 i
450 2632 581 2663 Gonzaga
592 2632 716 2656 dall'una
730 2634 808 2664 parte
823 2640 836 2655 e
850 2632 889 2663 gli
902 2632 996 2655 Esten-

108 2676 140 2702 si,
159 2675 199 2707 gli
219 2675 353 2707 Scaligeri
374 2683 387 2699 e
409 2677 416 2698 i
438 2675 533 2706 Pepoli
555 2675 697 2699 dall’altra
718 2672 819 2705 (Arre),
838 2675 883 2700 IV.
898 2674 969 2706 323).

193 2715 205 2731 ³
224 2717 322 2741 Anche
342 2717 368 2740 la
388 2717 502 2741 dizione
522 2717 566 2741 del
590 2716 650 2740 Chr.
667 2717 734 2745 Est.⁷
748 2723 806 2748 409,
821 2714 925 2740 benche
938 2724 995 2740 non

107 2758 245 2789 espncita,
265 2758 321 2790 pub
341 2760 478 2783 condurre
498 2759 524 2782 al
546 2765 578 2791 29
597 2760 710 2790 maggio
738 2765 801 2790 1343
829 2765 906 2782 come
931 2759 996 2782 data

108 2799 273 2824 dell’arrivo
299 2800 328 2824 di
355 2800 460 2824 Obizzo
487 2808 501 2824 a
528 2800 663 2824 Modena:
690 2800 761 2823 “die
787 2798 866 2831 xxvij
894 2801 996 2824 mensis

110 2839 222 2865 “madii
240 2841 372 2865 dominus
392 2840 500 2865 Obiczo
530 2841 658 2865 Marchio
678 2841 805 2865 Estensis
832 2842 944 2864 recessit
965 2841 997 2865 de

110 2881 258 2906 “Ferraria
270 2883 378 2914 ivitque
388 2883 423 2907 ad
435 2883 591 2915 hospitium
602 2882 696 2906 Sancti
708 2882 811 2906 Felicis
824 2883 852 2906 in
864 2882 997 2907 districtu

110 2922 122 2934 “
133 2923 259 2948 Mutine:
279 2925 332 2948 alio
351 2925 394 2948 die
407 2923 468 2955 [non
482 2923 527 2948 die
542 2922 681 2955 sequenti]
696 2924 837 2956 applicuit
852 2923 996 2948 civitatem

110 2966 122 2978 ¹‘
135 2972 212 2989 suam
223 2966 350 2990 Mutinae
361 2984 384 2996 „.
416 2966 481 2997 Egli
492 2966 521 2990 vi
532 2967 632 2990 rimase
649 2966 743 2990 alcuni
756 2966 854 2997 giornl
867 2972 882 2989 c
895 2965 997 2990 ordine>

1051 2340 1075 2363 la
1096 2341 1299 2363 ricostruzione
1320 2340 1361 2362 del
1393 2339 1508 2363 castello
1538 2340 1565 2363 di
1596 2338 1751 2370 Marzaglia
1775 2346 1788 2361 e
1815 2338 1841 2361 di
1872 2338 1937 2361 altri

1050 2383 1091 2405 sul
1119 2382 1225 2405 confine
1245 2383 1378 2413 reggiano
1394 2383 1421 2404 in
1443 2382 1583 2405 relazione
1603 2381 1646 2405 col
1672 2383 1821 2412 proposito
1842 2389 1891 2405 suo
1911 2381 1936 2403 di

1050 2425 1230 2454 riacquistare
1264 2424 1282 2446 il
1318 2424 1445 2446 dominio
1472 2424 1499 2446 di
1533 2422 1640 2454 Reggio
1671 2423 1755 2454 (Tm,

1050 2466 1096 2491 ΙΙΙ,
1127 2465 1162 2496 ὃ)

1139 2506 1149 2521 ⁴
1165 2507 1324 2531 Podesteria
1339 2508 1533 2530 documentata
1547 2506 1649 2538 (Meua.
1660 2514 1683 2530 a.
1700 2514 1771 2538 1343.
1787 2507 1805 2531 I.
1822 2514 1867 2530 nn.
1886 2506 1940 2537 183.

1050 2548 1102 2579 670
1111 2557 1124 2572 e
1140 2555 1220 2572 1001:
1235 2550 1246 2560 “
1257 2546 1361 2572 nobilis
1373 2550 1416 2571 vir
1427 2547 1560 2572 Galacius
1571 2549 1603 2572 de
1614 2548 1731 2572 Medicis
1742 2549 1774 2572 de
1787 2548 1886 2572 feraria
1899 2548 1940 2578 „):

1051 2591 1084 2614 cs.
1106 2591 1217 2615 Vicini.
1238 2594 1276 2620 op.
1297 2590 1350 2616 cit..
1369 2589 1404 2617 11,
1427 2589 1514 2613 18-20.

1138 2630 1148 2646 ⁵
1167 2631 1211 2655 Cf.
1232 2630 1265 2655 G.
1285 2631 1419 2655 V1LL.xN1.
1436 2632 1490 2656 Cr..
1504 2631 1562 2660 ΧΠ,
1578 2630 1602 2659 S,
1620 2630 1657 2661 16,
1676 2637 1714 2662 17,
1729 2632 1777 2655 che
1792 2639 1847 2655 non
1863 2631 1941 2662 parla

1051 2674 1078 2697 (li
1092 2682 1127 2697 un
1141 2674 1237 2704 nipote
1248 2673 1291 2696 del
1303 2673 1380 2699 duca,
1394 2680 1436 2696 ma
1447 2672 1490 2696 del
1503 2672 1580 2703 figlio
1592 2673 1620 2696 di
1635 2671 1797 2704 Guglielmo
1811 2672 1940 2699 d'Assisi,

1053 2718 1064 2727 ⁴⁴
1077 2713 1149 2739 d'eta
1168 2716 1195 2739 di
1217 2716 1337 2738 diciotto
1357 2716 1433 2741 anni,
1446 2733 1465 2738 ..
1479 2733 1483 2737 .
1498 2733 1502 2737 .
1524 2722 1567 2738 ma
1587 2722 1633 2738 reo
1647 2723 1660 2738 e
1675 2714 1779 2738 fellone
1794 2722 1808 2738 a
1823 2717 1940 2738 tormen-

1053 2756 1135 2781 “tare
1157 2758 1163 2779 i
1184 2757 1313 2781 cittadini
1328 2774 1350 2785 ,.‚
1373 2756 1393 2779 il
1414 2756 1494 2787 quale
1514 2756 1588 2780 nella
1609 2756 1713 2780 rivolta
1733 2756 1776 2780 del
1797 2755 1831 2779 26
1850 2755 1940 2787 luglio

1051 2799 1080 2822 fu
1100 2799 1220 2830 tagliato
1240 2806 1254 2821 a
1274 2799 1355 2829 pezzi.

1140 2838 1150 2854 ⁶
1169 2840 1192 2863 Il
1211 2841 1298 2864 brano
1319 2841 1368 2863 che
1389 2846 1469 2871 segue
1488 2838 1503 2863 ὲ
1522 2839 1595 2864 tolto
1622 2840 1656 2864 da
1682 2847 1737 2864 una
1762 2840 1861 2863 lettera
1887 2847 1937 2862 con

1052 2882 1078 2905 la
1098 2882 1177 2913 quale
1199 2882 1218 2905 il
1239 2883 1403 2912 magistrato
1418 2882 1445 2905 di
1460 2880 1549 2905 Roma
1563 2879 1705 2906 annuncio
1720 2881 1774 2905 alle
1788 2881 1857 2905 altre
1871 2880 1939 2905 cittii

1052 2923 1161 2948 d'Italia
1182 2925 1230 2947 che
1250 2923 1393 2948 Clemente
1418 2923 1456 2947 VI
1475 2931 1561 2948 aveva
1588 2925 1693 2948 ridotto
1720 2924 1740 2947 il
1760 2923 1884 2955 giubileo
1905 2924 1939 2947 da

1053 2966 1173 2990 secolarc
1193 2974 1207 2990 a
1227 2967 1468 2997 cinquantenario‚
1490 2965 1668 2990 invitandole
1688 2973 1703 2990 a
1722 2966 1876 2997 prepararsi
1892 2972 1940 2996 per

1788 2424 1867 2446 Alam.
1899 2427 1939 2448 sl..
1972 2431 1982 2453 ς

1997 710 2027 728 Mi
2040 714 2060 727 u.
2088 714 2124 726 ⁶111

1969 2641 2000 2665 35

1968 2853 2001 2875 40
