2370 3603
98 238 392 273 1AA.1aoo-13⁶11
711 226 966 263 IOHANNIS
996 223 1066 261 DE
1095 225 1315 261 BAZANO

101 297 1921 314 ......................................................................................................................................................................................................

181 355 282 385 Anno
306 353 435 385 Christi
463 350 629 383 M.ccclxi
644 348 663 384 ¹.
696 348 872 380 indicione
898 348 1033 380 decima
1056 352 1185 389 quarta,
1203 346 1285 386 [die]
1316 345 1435 377 ultimo
1460 345 1585 377 mensis
1609 344 1813 381 decembris,
1839 344 1933 376 dicta

90 407 238 438 societas
262 406 480 448 Ungarorum
497 404 540 435 de
557 401 724 434 comitatu
740 401 883 432 Parmae
909 400 1044 432 iverunt
1059 399 1094 430 in
1111 399 1272 430 comitatu
1290 404 1323 429 et
1340 397 1511 429 territorio
1529 396 1706 429 Bononiae
1724 397 1933 428 transeundo

92 469 154 501 per
178 459 387 490 territorium
411 456 566 488 Mutinae
597 464 700 496 super
731 454 850 486 foveas
874 464 893 484 a
917 454 1025 484 latere
1058 452 1101 484 de
1131 461 1244 493 supra,
1275 451 1512 492 pernoctando
1543 450 1673 482 ibidem
1705 456 1739 481 et
1770 449 1933 491 undique,

91 519 123 543 et
147 522 224 543 cum
241 511 290 542 eis
309 508 556 542 conducendo'
574 507 792 549 quamplures
817 506 972 547 captivos
989 505 1031 537 de
1049 504 1213 536 comitatu
1229 503 1373 535 Parmae
1391 509 1424 534 et
1441 502 1578 534 bovium
1597 503 1731 545 copiam
1748 502 1930 538 infinitam;

51 565 68 595 5
94 571 128 596 et
152 574 194 595 ex
225 563 329 595 dictis
358 562 509 605 Ungaris
533 564 768 591 remanserunt
792 558 836 590 ad
860 558 1069 599 stipendium
1101 556 1184 588 dicti
1206 554 1420 587 Bemabovis
1452 555 1509 595 [et]
1541 555 1656 587 fratris
1687 556 1739 586 sui
1770 554 1873 592 mille,
1899 561 1935 585 ut

94 617 232 659 publice
257 616 442 647 ferebatur.
488 613 590 644 Anno
615 612 794 653 praedicto
827 611 884 642 die
917 610 1004 642 iovis
1035 609 1147 651 primo
1178 609 1297 651 aprilis
1329 615 1476 640 castrum
1508 608 1731 640 Montisbellii
1764 608 1936 639 districtus

95 676 129 700 et
152 669 331 700 comitatus
354 667 530 699 Bononiae
555 664 756 706 proditorie,
788 664 868 695 data
891 663 1040 705 pecunia
1063 661 1196 694 duobus
1226 661 1457 703 stipendiariis
1481 661 1517 691 in
1541 661 1697 692 custodia
1726 661 1811 692 dicti
1835 661 1938 692 castri

96 732 158 763 pro
183 721 321 753 comuni
344 719 519 751 Bononiae
545 717 779 754 existentibus,
804 716 922 748 datum
947 722 980 747 et
1003 715 1164 747 traditum
1189 714 1256 745 fuit
1278 724 1341 755 per
1358 713 1471 745 dictos
1495 713 1734 755 stipendiarios
1757 714 1851 755 genti
1875 713 1938 744 do-

96 774 180 805 mini
203 772 412 805 Bernabovis
436 772 480 803 de
495 770 679 802 Vescontis
703 770 859 801 existenti
884 769 929 800 ad
945 768 1101 800 Castrum
1125 766 1338 803 Franchum3
1364 767 1398 797 in
1423 777 1490 808 qua
1508 767 1652 798 dacione
1677 773 1711 798 et
1734 766 1937 808 prodicione

36 828 73 858 10
98 827 193 869 quasi
218 835 335 858 omnes
360 823 547 856 comitatini
572 823 659 855 dicti
678 822 781 854 castri
806 820 1033 853 Montisbellii
1049 821 1189 851 fuerunt
1212 820 1309 862 quasi
1334 819 1433 851 bonis
1449 818 1605 850 omnibus
1621 819 1785 851 disrobati
1803 826 1836 851 et
1860 820 1939 850 solis

95 879 248 921 personis
272 883 453 909 evaserunt
470 877 576 917 aliqui
593 876 712 918 fugam
728 875 854 917 ubique
874 874 1043 915 capiendo
1057 875 1079 905 ².
1126 873 1230 904 Dicto
1248 872 1426 904 millesimo
1447 872 1504 903 die
1522 872 1608 904 iovis
1624 883 1668 903 xv
1692 872 1809 913 aprilis
1826 872 1939 903 dictus

93 932 250 964 dominus
262 930 439 962 Bernabos
456 930 498 961 de
516 928 698 960 Vescontis
716 927 874 959 dominus
890 927 1073 959 multarum
1089 926 1267 958 civitatum
1279 924 1508 957 Lombardiae
1533 934 1610 956 cum
1627 925 1774 956 maximo
1791 925 1940 960 exercitu

91 985 247 1017 transivit
271 993 372 1024 super
396 983 543 1014 civitatis
566 981 719 1013 Mutinae
737 981 854 1012 foveas
871 990 891 1011 a
908 980 1014 1011 latere
1032 980 1075 1011 de
1098 978 1215 1010 subter
1231 984 1264 1010 et
1281 979 1345 1009 ivit
1362 978 1406 1009 ad
1423 978 1579 1010 Castrum
1599 978 1792 1009 Franclium
1806 976 1828 1015 ³,
1845 979 1938 1020 quod

97 1047 158 1079 per
181 1048 257 1068 eum
283 1043 316 1068 et
340 1042 477 1078 gentem
503 1046 597 1066 suam
622 1033 802 1066 tenebatur
826 1043 868 1064 ex
892 1032 1078 1064 rebellione
1103 1031 1251 1063 civitatis
1266 1031 1461 1067 Bononiae3
1485 1037 1519 1062 et
1535 1031 1590 1062 die
1608 1031 1692 1062 iovis
1708 1031 1862 1073 sequenti
1879 1031 1940 1062 ivit

35 1090 70 1122 15
97 1100 172 1122 cum
198 1090 294 1121 dicto
318 1088 473 1120 exercitu
498 1088 543 1120 ad
567 1095 713 1119 castrum
737 1086 914 1123 Plumacii,
932 1086 1026 1128 quod
1049 1095 1112 1127 pro
1137 1093 1283 1117 comune
1297 1084 1474 1116 Bononiae
1499 1084 1686 1121 tenebatur,
1704 1084 1831 1116 ibidem
1856 1091 1942 1115 tem-

99 1143 213 1184 ptoria
237 1141 465 1173 conficeando
491 1147 525 1172 et
549 1140 735 1172 exercitum
759 1140 793 1169 in
819 1138 1034 1170 obsidionem
1059 1148 1137 1170 cum
1160 1137 1326 1169 machinis
1351 1142 1386 1168 et
1409 1136 1486 1168 aliis
1510 1136 1713 1168 necessariis
1737 1136 1942 1173 ordinando,

95 1197 213 1227 foveas
237 1195 324 1226 dicti
351 1194 451 1225 castri
475 1194 685 1225 desiccando
709 1199 743 1224 et
766 1192 898 1223 dictum
915 1197 1063 1223 castrum
1079 1191 1215 1223 fortiter
1231 1189 1449 1232 praeliando:
1468 1190 1608 1221 tandem
1625 1189 1679 1221 die
1698 1190 1798 1221 lunae
1815 1200 1836 1220 x
1861 1189 1940 1220 maii

97 1258 159 1290 per
184 1247 405 1279 concordiam
431 1247 550 1278 habuit
565 1247 677 1288 ipsum
702 1252 849 1277 castrum
873 1251 907 1276 et
930 1244 1015 1276 illud
1038 1254 1098 1275 sua
1114 1250 1216 1287 gente
1240 1243 1384 1275 munivit
1400 1249 1434 1274 et
1456 1248 1534 1284 post
1557 1243 1706 1285 quinque
1730 1243 1803 1274 dies
1826 1242 1944 1274 habuit

98 1302 249 1344 ‚cironum
263 1300 369 1341 ipsius
377 1299 407 1330 ⁴.'
420 1299 465 1331 Et
478 1306 555 1341 post
569 1299 699 1341 aliquos
713 1298 787 1330 dies
801 1298 912 1330 dictus
929 1298 1090 1329 dominus
1105 1296 1282 1329 Bernabos
1298 1296 1403 1328 rediit
1418 1295 1674 1328 Mediolanum⁵
1691 1295 1749 1336 [et]
1767 1306 1842 1327 cum
1857 1306 1940 1337 pau·
2020 1312 2038 1325 c.
2054 1309 2091 1324 ,ου
2101 1305 2112 1322 ⁵

33 1356 74 1386 ΖΟ
99 1354 149 1385 cis
165 1353 327 1385 militibus
352 1353 509 1384 transivit
532 1361 593 1393 per
617 1351 765 1383 mediam
790 1350 965 1382 civitatem
987 1350 1158 1387 Mutinae,
1183 1349 1373 1381 exercitum
1397 1359 1493 1380 suum
1522 1349 1557 1380 in
1581 1349 1744 1380 comitatu
1767 1349 1945 1381 Bononiae

103 1407 333 1438 demittendo:
359 1406 418 1448 qui
443 1405 615 1437 exercitus
639 1406 682 1436 de
706 1415 822 1436 mense
847 1404 926 1436 maii
942 1404 1025 1436 dicti
1049 1403 1131 1435 anni
1154 1402 1240 1435 fecit
1262 1413 1364 1434 unam
1388 1402 1531 1434 bastiam
1557 1403 1602 1434 ad
1624 1408 1764 1444 pontem
1783 1403 1825 1434 de
1844 1402 1943 1434 Reno

104 1469 211 1501 prope
229 1459 403 1490 civitatem
420 1458 598 1491 Bononiae
614 1458 658 1489 ad
676 1458 744 1490 duo
762 1457 906 1489 miliaria
918 1457 940 1494 ⁶,
957 1458 1064 1498 ipsam
1082 1457 1125 1488 de
1143 1456 1343 1488 necessariis
1360 1455 1520 1488 omnibus
1546 1455 1749 1492 muniendo;
1768 1461 1803 1486 et
1826 1461 1946 1496 postea

104 1513 146 1543 de
170 1521 285 1543 mense
308 1511 392 1542 iunii
417 1511 528 1543 dictus
552 1511 723 1543 exercitus
746 1510 809 1542 ivit
832 1522 852 1542 a
875 1511 982 1542 latere
1000 1510 1043 1542 de
1061 1510 1179 1542 subter
1202 1509 1350 1541 civitatis
1366 1507 1545 1540 Bononiae
1571 1508 1606 1539 in
1631 1508 1709 1541 loco
1734 1508 1794 1551 qui
1820 1508 1947 1540 dicitur

106 1565 303 1598 Cortexella
326 1575 434 1607 prope
459 1564 648 1597 Bononiam
672 1565 717 1597 ad
740 1565 804 1596 tria
828 1564 974 1596 miliaria
988 1562 1009 1602 ⁷,
1027 1563 1156 1596 ibidem
1179 1563 1322 1595 bastiam
1346 1562 1447 1594 aliam
1472 1563 1704 1594 construendo
1722 1568 1755 1594 et
1773 1561 1884 1594 eidem
1902 1562 1946 1593 de

1992 508 2063 526 Mna..
2081 508 2117 527 (iaz

200 1716 221 1733 1.
235 1718 250 1733 a
264 1709 370 1733 decima
381 1712 480 1742 quarta
495 1710 571 1734 Mun.
586 1719 600 1734 e
612 1711 757 1743 Cr.‚fanno
771 1711 878 1741 seguire
889 1710 1028 1734 Dominus
1038 1708 1177 1734 Ger-ardus
1189 1708 1222 1732 de
1233 1708 1332 1732 Bardis
1344 1708 1377 1732 de
1388 1708 1528 1732 Florentia
1539 1708 1666 1732 Potestas
1677 1707 1812 1730 Mutinae.
1829 1706 1950 1736 Ultimo3

109 1761 151 1777 ma
169 1755 196 1776 in
214 1754 237 1776 A
258 1761 307 1777 non
326 1752 339 1776 ι’,-
357 1755 458 1779 traccr'a
468 1755 542 1778 della
554 1754 720 1778 indicatione
733 1755 806 1778 della
821 1754 974 1784 podesteria
988 1754 1033 1777 del
1045 1753 1168 1778 Bor-dom·
1180 1753 1239 1780 (non
1254 1753 1355 1777 Bardi:
1369 1753 1435 1776 vadi
1446 1756 1506 1776 nota
1519 1760 1534 1775 2
1549 1752 1620 1774 della
1629 1755 1657 1781 p.
1671 1750 1732 1781 170)
1745 1758 1770 1774 se
1784 1758 1833 1774 uon
1846 1750 1950 1781 quando

107 1805 163 1822 essa
174 1797 298 1821 comincs'b
308 1798 387 1829 esini,
399 1806 448 1822 non
459 1800 536 1831 neg-li
546 1807 609 1823 anm
619 1799 764 1823 intermea'i
774 1812 784 1816 -
794 1799 838 1823 die
849 1806 908 1830 agg.
920 1799 976 1821 mia
987 1811 1017 1815 -
1031 1805 1055 1829 3.
1065 1798 1092 1821 et
1103 1797 1224 1828 undique
1235 1805 1281 1821 om.
1294 1797 1383 1827 Mun„
1395 1797 1440 1822 Cr.
1455 1810 1483 1813 —
1497 1802 1519 1826 5.
1531 1796 1564 1820 ad
1573 1797 1607 1820 st.
1621 1795 1732 1819 domini
1743 1794 1866 1819 Galeatii
1878 1793 1948 1817 dicti

109 1841 282 1866 Bernabovis
301 1842 401 1866 fratris
422 1843 497 1866 mille
517 1843 603 1872 Mum,
626 1843 671 1867 Cr.
692 1857 723 1859 —
747 1850 788 1867 1ο.
808 1842 970 1866 comitatini
990 1849 1057 1867 corr.
1078 1841 1166 1871 Μαι,
1188 1843 1247 1871 Cr.3
1265 1841 1413 1865 comitatui
1433 1841 1464 1864 A.
1487 1853 1497 1858 -
1511 1841 1591 1872 quasi
1611 1847 1658 1863 om.
1679 1839 1766 1868 Μυκη
1787 1839 1833 1863 Cr.
1855 1851 1886 1854 —
1909 1845 1948 1861 11.

65 1891 78 1916 5
109 1885 226 1918 ubique]
241 1887 337 1918 utique
357 1887 397 1916 A„
417 1887 504 1917 Mun„
526 1888 571 1912 Cr.
587 1900 598 1905 -
617 1888 693 1911 iovis
716 1886 766 1918 xv]
787 1888 877 1912 sabati
901 1892 930 1917 15
950 1887 994 1916 A„
1013 1887 1098 1916 Mum,
1121 1887 1182 1915 Cr.;
1201 1893 1245 1910 ma
1263 1886 1287 1909 il
1303 1893 1336 1913 15
1347 1885 1385 1917 su
1400 1885 1515 1916 giovedi
1534 1885 1579 1917 (af
1599 1887 1661 1908 nota
1670 1883 1699 1915 3)
1720 1897 1751 1900 ——
1770 1890 1809 1914 ¹4.
1827 1889 1861 1906 ex
1881 1890 1949 1907 corr.

112 1929 201 1959 Mum,
222 1931 283 1960 σῆς
303 1932 329 1954 et
348 1931 378 1954 A.
400 1944 429 1948 —-
450 1938 489 1963 15.
509 1931 570 1964 pro]
591 1939 640 1963 per
659 1932 747 1961 Mum,
768 1933 813 1957 Cr.
833 1944 865 1948 —
888 1930 929 1955 16.
942 1931 1107 1955 necessariis
1126 1938 1195 1955 corr.
1216 1931 1302 1959 Mun„
1326 1931 1387 1960 Cr.3
1401 1929 1483 1953 niciis
1495 1929 1528 1952 A.
1550 1942 1581 1946 —
1605 1935 1645 1959 19.
1658 1928 1766 1958 aliquot
1779 1926 1865 1956 Mun„
1882 1927 1927 1952 Cr.
1942 1939 1952 1944 —

110 1971 168 2004 et²1
188 1974 264 1997 Mon.
285 1982 299 1997 e
321 1976 364 1998 Cr.
385 1983 453 2007 agg.
471 1976 563 2000 ini-ece
575 1977 604 2000 et
623 1976 689 2006 dopo
704 1976 841 1999 militibus
855 1975 871 1999 1.
893 1981 926 1998 20
945 1987 976 1992 —
998 1980 1040 2006 23.
1059 1975 1113 1998 ivit
1131 1974 1224 1998 subter
1244 1981 1261 1999 a
1279 1974 1367 1998 latere
1385 1973 1418 1997 de
1438 1980 1522 2005 supra
1535 1974 1588 1997 clv.
1608 1973 1650 2002 A„
1664 1972 1750 2001 MUR.⁷
1779 1973 1824 1996 Cr.
1850 1985 1882 1988 —
1910 1978 1951 2002 24.

113 2016 259 2042 Corteselli
273 2019 314 2048 A„
329 2019 414 2048 Mun„
437 2020 482 2044 Cr.

53 2135 83 2152 10

199 2087 206 2103 ¹
226 2089 275 2113 Sta
295 2091 363 2114 bene
383 2091 503 2115 secondo
524 2091 545 2115 il
565 2094 698 2124 computo
718 2091 874 2117 modenese.
889 2091 1000 2123 seguito

110 2131 154 2156 dal
176 2132 310 2158 cronista.
331 2140 378 2164 per
399 2135 442 2157 cui
464 2134 561 2157 l'anno
582 2134 726 2157 comincia
746 2134 766 2156 il
783 2140 813 2165 25
830 2133 897 2160 dic.;
913 2134 1000 2156 corri-

111 2174 218 2206 sponde
238 2173 333 2205 percio
354 2175 378 2198 al
398 2174 464 2206 1360
477 2175 553 2199 dello
567 2176 633 2199 stile
647 2182 774 2199 comune.
789 2174 823 2199 Se
836 2175 877 2207 gli
892 2174 1001 2206 Ungari

112 2217 260 2247 partirono
280 2216 315 2240 da
336 2217 464 2247 Bologna
486 2218 506 2240 il
528 2223 561 2240 20
582 2218 733 2241 novembre
752 2225 766 2240 e
781 2218 965 2240 ritornarono
981 2216 1001 2240 il

112 2265 141 2289 31
165 2258 312 2286 dicernbre,
333 2259 359 2282 la
380 2259 442 2282 loro
462 2260 628 2291 spedizione
648 2258 718 2283 duro
745 2262 880 2291 quaranta
907 2260 1003 2291 giorni

1058 2091 1134 2114 Cron.
1155 2092 1233 2120 misc.⁵
1254 2092 1283 2114 in
1304 2091 1370 2114 RB.
1391 2091 1429 2113 ll.
1451 2090 1509 2117 SS„
1528 2088 1627 2117 XVIII,
1644 2088 1703 2120 460,
1723 2089 1772 2111 che
1793 2096 1864 2119 pone
1885 2087 1946 2110 l'ar—

1056 2134 1118 2156 rivo
1139 2133 1165 2156 di
1188 2131 1314 2156 Bernabo
1336 2140 1350 2156 a
1372 2131 1568 2156 Castelfranco
1590 2132 1609 2154 il
1633 2131 1663 2155 16
1682 2131 1781 2162 aprile.

1145 2173 1155 2189 ⁴
1177 2175 1215 2198 Le
1225 2176 1303 2206 gesta
1315 2174 1345 2198 di
1359 2173 1485 2198 Bernabo
1499 2176 1578 2197 sotto
1592 2173 1738 2196 Piumazzo
1752 2180 1821 2196 sono
1833 2179 1948 2205 parago-

1060 2217 1123 2240 nate
1143 2215 1329 2243 dall’Azario,
1343 2216 1372 2239 ln
1394 2217 1458 2239 RR.
1477 2216 1514 2239 Il.
1530 2215 1587 2243 SS..
1603 2215 1674 2241 XVI.
1691 2213 1741 2246 386
1761 2222 1808 2247 sg..
1829 2221 1844 2238 a
1858 2214 1950 2245 quelle

1059 2258 1089 2282 di
1103 2258 1205 2282 Cesare
1218 2260 1320 2282 contro
1334 2258 1472 2290 Pompeo:
1491 2265 1558 2290 pure
1577 2259 1617 2289 gli
1634 2258 1808 2282 resistettero
1823 2257 1833 2280 i
1848 2256 1949 2280 Bocca-

1981 2264 2013 2290 35

112 2298 159 2330 (cf.
180 2299 322 2326 ancml.
352 2304 393 2330 op.
411 2302 465 2329 cit.y
485 2308 511 2333 p.
532 2300 585 2332 40).
606 2299 629 2325 si
651 2302 700 2325 che
729 2301 758 2325 fu
779 2302 920 2333 piuttosto
950 2308 1005 2324 una
1059 2300 1176 2330 diserto,
1198 2301 1309 2331 signori
1330 2300 1374 2324 del
1395 2300 1490 2331 luogo,
1511 2300 1560 2323 che
1580 2301 1641 2323 solo
1662 2300 1713 2323 1’11
1736 2300 1849 2331 maggio
1869 2299 1893 2322 si
1914 2299 1949 2321 ri-

54 2344 83 2369 15
113 2341 249 2365 scorreria
269 2341 318 2365 che
338 2350 391 2366 una
412 2350 567 2374 campagna
587 2343 615 2366 di
636 2349 745 2374 guerra.
765 2342 823 2366 Che
842 2343 883 2374 gli
897 2342 1006 2373 Ungari
1060 2343 1190 2366 tirarono
1210 2341 1285 2366 nella
1299 2349 1388 2369 rocca,
1403 2341 1631 2365 sostenendovisi
1651 2343 1715 2365 sino
1735 2342 1762 2365 al
1780 2340 1810 2364 16
1830 2342 1951 2372 maggio.

114 2383 333 2407 retrocedessero
354 2384 388 2407 da
410 2384 516 2410 Parma.
538 2383 638 2416 perch'e
658 2385 799 2417 comprati
819 2384 941 2408 dall’oro
962 2384 1006 2408 dei
1060 2383 1186 2408 Secondo
1206 2384 1226 2407 il
1238 2383 1362 2408 Grifl'oni
1375 2384 1477 2416 (Alerta,
1492 2391 1517 2415 p.
1532 2383 1572 2414 64,
1588 2384 1618 2407 11.
1631 2383 1696 2415 6-7).
1708 2384 1734 2407 la
1750 2390 1809 2407 resa
1822 2383 1851 2406 fu
1865 2383 1877 2395 “
1889 2390 1951 2414 pro-

114 2426 246 2450 Visconti
266 2427 370 2450 dicono
391 2427 411 2449 il
434 2426 543 2450 Villola
573 2434 587 2451 e
605 2427 646 2458 gli
674 2428 791 2451 Annales
804 2427 1006 2459 faroli-aienses,
1063 2428 1074 2439 ‘⁴
1087 2428 1196 2450 ditione
1211 2427 1353 2450 cuiusdam
1368 2427 1400 2450 de
1415 2427 1498 2450 domo
1514 2427 1546 2450 de
1561 2426 1663 2450 Guecis
1674 2427 1720 2457 qui
1737 2426 1828 2450 stabat
1842 2426 1871 2449 in
1888 2426 1950 2456 ipso

115 2467 186 2492 ediz.
206 2468 387 2497 Mazzatinti,
408 2470 436 2491 ln
459 2469 522 2492 RR.
546 2470 582 2492 Il.
606 2469 663 2494 SS..
684 2468 770 2496 xxn.
785 2471 864 2500 parte
876 2469 911 2497 ΙΙ,
924 2477 951 2502 p.
965 2468 1007 2492 68.
1063 2470 1075 2482 ⁴¹
1089 2471 1180 2493 castro
1190 2485 1215 2499 η.
1983 2473 2016 2497 40

117 2510 147 2534 ll.
167 2516 221 2541 4-5.
1150 2509 1160 2525 5
1181 2509 1282 2534 Lascit')
1308 2510 1399 2534 allora
1418 2510 1439 2534 il
1466 2510 1604 2534 comando
1630 2510 1817 2534 dell’esercito
1844 2516 1859 2532 a
1886 2508 1954 2533 Gio-

55 2556 89 2574 20
204 2550 214 2565 ²
233 2551 256 2575 Il
279 2552 352 2576 fatto
371 2553 401 2576 di
422 2553 618 2584 Monteveglio
639 2552 669 2576 fu
685 2553 705 2576 il
720 2553 812 2584 primo
827 2553 918 2585 aprile
934 2553 1008 2584 1361,
1062 2553 1150 2577 vanni
1169 2552 1204 2576 da
1230 2548 1386 2583 Bizzdzero,
1414 2559 1466 2576 suo
1490 2552 1679 2580 condottiero,
1698 2553 1719 2576 il
1739 2553 1822 2585 quale
1843 2551 1952 2576 assedi&

117 2594 204 2617 anche
216 2595 338 2618 secondo
349 2594 370 2618 il
383 2594 505 2618 Griffoni
517 2595 609 2624 (Mem.
622 2601 647 2626 p.
658 2593 699 2625 64,
710 2595 739 2618 ll.
753 2594 817 2626 1·4):
830 2595 904 2618 “Die
914 2595 1008 2627 primo
1063 2596 1171 2618 invano
1190 2594 1359 2618 Manzolino
1379 2593 1535 2626 (Vmcnn,
1554 2598 1594 2625 op.
1614 2595 1669 2623 cit..
1690 2603 1716 2627 p.
1736 2594 1791 2627 33).

120 2636 131 2648 ‘⁴
144 2637 256 2668 aprelis,
276 2644 344 2667 gens
359 2637 469 2660 domini
488 2637 662 2660 Bernabovis
677 2637 710 2660 de
722 2637 946 2661 Vicecomitibus
961 2644 1009 2670 per
1150 2636 1161 2652 ὅ
1183 2635 1289 2664 Questa
1308 2636 1401 2661 bastia
1426 2637 1471 2661 del
1497 2639 1585 2670 ponte
1610 2638 1638 2661 di
1660 2637 1748 2665 Reno,
1768 2638 1818 2661 che
1838 2638 1952 2661 dovette

121 2679 132 2690 “
145 2679 339 2709 proditionem
352 2679 451 2702 habuit
462 2681 583 2702 castrum
596 2678 789 2702 Montisbellii
802 2681 830 2703 et
844 2678 1009 2703 Tarlatinus
1062 2686 1152 2703 essere
1170 2681 1258 2703 eretta
1277 2686 1373 2712 presso
1393 2679 1486 2711 Borgo
1507 2680 1650 2710 Panigale,
1669 2678 1684 2703 'e
1703 2680 1845 2704 rieordata
1867 2680 1955 2703 anche
1986 2684 2017 2708 45

121 2722 132 2731 ¹⁴
145 2720 178 2743 de
189 2720 298 2746 Aretio.
310 2723 474 2752 capitaneus
486 2722 554 2744 dicti
565 2722 648 2744 castri
661 2728 712 2752 pro
725 2720 1008 2752 Ecclesia‚tamquam
1064 2723 1092 2744 in
1115 2721 1270 2750 (ἰωῇ-031,
1289 2722 1380 2750 Mem..
1399 2729 1424 2752 p.
1445 2720 1487 2752 64,
1507 2721 1525 2745 l.
1547 2728 1570 2754 7.

59 2766 89 2790 25
122 2763 133 2774 ‘⁴
146 2762 277 2793 proditor
297 2762 375 2786 dedit
391 2763 471 2786 illud.
494 2761 550 2789 Qui
566 2761 732 2786 Tarlatinus
747 2764 844 2793 postea
858 2770 906 2794 per
920 2762 1009 2786 modi·
1151 2761 1162 2777 ⁷
1183 2762 1337 2786 Corticella
1356 2761 1371 2786 'e
1390 2763 1432 2787 sul
1453 2763 1549 2787 canale
1562 2763 1706 2795 Naviglio‚
1728 2772 1742 2788 a
1762 2765 1957 2791 settentrione‚

123 2804 133 2815 ‘⁴
147 2811 208 2826 cum
231 2806 349 2836 tempus.
376 2806 526 2828 occasione
552 2804 644 2827 dictae
670 2804 854 2836 proditionis,
882 2805 937 2828 suit
966 2811 1009 2828 su·
1067 2806 1079 2817 ‘⁴
1091 2806 1123 2829 de
1144 2805 1237 2829 subter
1249 2823 1273 2835 ‚‚,
1294 2805 1321 2828 di
1342 2805 1478 2836 Bologna,
1493 2813 1508 2829 a
1522 2812 1616 2830 mezza
1630 2806 1726 2829 strada
1739 2807 1782 2829 tra
1799 2805 1929 2837 Bologna.
1943 2813 1956 2828 e

123 2847 134 2858 ⁴*
148 2853 263 2877 spensus
284 2853 332 2877 per
351 2847 444 2877 gulam
465 2854 547 2878 super
566 2847 659 2878 platea
679 2848 807 2870 comunis
828 2847 976 2871 Bononiae
987 2865 1010 2877 ‚‚.
1064 2846 1322 2880 Castelmaggiore:
1342 2847 1378 2871 ad
1392 2850 1499 2877 pontem
1517 2847 1688 2874 Corlesellae,
1703 2847 1827 2871 secondo
1843 2848 1863 2870 il
1878 2846 1956 2871 Gris—

122 2888 316 2918 Monteveglio
337 2888 366 2911 sn
388 2887 454 2920 pero
474 2890 583 2920 ripreso
603 2895 652 2920 per
673 2888 698 2911 la
720 2888 821 2912 Chiesa
841 2888 877 2912 da
891 2889 1010 2912 Alberto
1066 2889 1447 2917 foni,iVescontie1-essero
1462 2888 1581 2913 un‘altra
1595 2889 1695 2914 bastia.
1734 2889 1773 2913 La
1785 2890 1893 2913 lezione
1908 2889 1956 2912 che
1988 2893 2021 2917 50

62 2977 94 3002 30

121 2929 252 2953 Galluzzi
275 2929 319 2952 nel
338 2929 401 2960 1363
422 2929 653 2960 (GHmARDAcm,
677 2930 750 2954 Hist.
770 2931 795 2953 d.
812 2931 871 2954 Bol.
886 2930 919 2960 ΙΙ,
940 2929 1010 2962 270).

208 2967 220 2984 3
239 2969 343 2997 Questa
369 2971 433 2994 data
459 2971 501 2994 del
534 2978 561 3003 15
590 2971 677 3002 aprile
704 2970 718 2994 e
739 2971 915 2995 confermata
935 2971 1010 2995 dalla

1064 2929 1078 2955 ὲ
1099 2931 1129 2954 in
1147 2931 1187 2961 A,
1201 2930 1289 2959 Μυκη
1304 2931 1349 2955 Cr.
1358 2939 1366 2955 :
1385 2931 1438 2954 ivit
1450 2932 1538 2955 subter
1552 2939 1567 2955 a
1581 2933 1667 2955 latere
1681 2933 1712 2955 de
1726 2935 1808 2961 supra
1824 2931 1955 2963 potrebbe

1066 2972 1238 2996 intendersi:
1258 2973 1305 2997 dal
1323 2973 1377 2996 lato
1396 2972 1426 2996 di
1437 2976 1516 3003 sopra
1536 2973 1608 2996 della
1628 2973 1693 2997 citt&
1715 2973 1743 2996 di
1757 2974 1880 3004 Bologna
1895 2972 1951 3004 (uel
