2370 3603
60 835 97 865 10

57 1097 92 1129 15

51 1814 82 1831 10

45 2232 77 2249 20

42 2440 72 2466 ²5

39 2650 73 2674 30

36 2859 68 2885 35

131 251 294 285 [kk-132⁹!
744 249 1000 285 IOHANNIS
1032 251 1102 286 DE
1129 252 1348 289 BAZANO

145 319 1968 341 ..........................................................................................................................................................................................................

214 366 378 397 Dominus
395 367 519 399 Hettor
532 369 575 400 de
590 367 718 400 Panico
730 370 926 410 praedictus
939 372 1070 404 Rector
1087 373 1242 406 Mutinae
1254 385 1316 416 pro
1329 376 1490 408 Romana
1502 377 1658 410 Ecclesia
1682 379 1716 410 in
1733 379 1963 420 M.cccxxviiii

125 417 158 448 in
181 417 306 449 ultimis
329 427 389 449 sex
413 419 583 451 mensibus
605 420 752 462 inceptis
776 423 810 453 in
829 423 981 455 calendis
1005 425 1077 456 iulii
1093 426 1112 457 ¹.
1159 426 1258 458 Tunc
1276 427 1330 458 die
1347 427 1447 460 lunae
1463 430 1573 462 tercio
1591 429 1688 472 [iulii]
1706 431 1800 463 facta
1816 432 1881 464 fuit
1897 443 1966 474 pax

124 470 214 501 inter
236 469 405 513 Legatum
429 471 609 503 Romanae
633 473 812 506 Ecclesiae
837 484 879 507 ex
902 487 969 507 una
992 484 1090 518 parte
1116 477 1327 512 et'comune
1350 480 1504 513 Mutinae
1528 487 1562 514 et
1585 481 1789 515 intrinsecos
1805 484 1959 516 Mutinae
2011 491 2086 515 Mum,
2107 498 2145 516 590

123 532 166 553 ex
188 521 292 553 altera
315 529 422 563 parte.
467 523 587 556 Dictus
604 525 760 557 dominus
783 527 931 570 Legatus
948 529 1039 560 misit
1055 530 1225 562 dominum
1243 532 1420 564 Hettorem
1436 539 1603 566 rectorem
1619 545 1683 576 pro
1700 546 1741 568 eo
1759 542 1792 567 et
1808 537 1965 569 Romana

123 573 277 605 Ecclesia
290 574 324 605 in
341 575 433 607 dicta
449 576 587 608 civitate
603 577 757 609 Mutinae
775 585 807 610 et
823 582 1005 621 quemdam
1023 582 1196 614 dominum
1210 584 1342 615 Heliam
1360 585 1451 617 della
1467 585 1604 618 Rocha'
1622 597 1699 619 cum
1717 589 1961 631 quinquaginta
2036 606 2054 620 c.
2072 602 2098 624 oe
2110 603 2118 619 s

123 625 281 657 militibus
305 626 410 668 ipsius
433 628 594 660 Rectoris
617 635 650 661 et
674 631 847 663 dominum
872 633 1094 666 Bertoninum
1119 636 1162 667 de
1187 636 1364 668 Guarteno
1386 648 1450 679 pro
1467 638 1676 672 thesaurario
1701 640 1888 679 Ecclesiae,
1908 641 1963 673 cui

120 678 243 709 tradita
266 679 331 710 fuit
355 686 477 722 quarta
500 691 578 722 pars
595 681 742 714 clavium
766 691 939 725 portarum
965 687 1112 719 civitatis
1131 688 1305 726 Mutinae;
1323 696 1357 721 et
1373 690 1444 722 eius
1459 692 1662 723 thesaurarii
1680 693 1826 725 officium
1842 701 1892 726 est
1910 695 1963 725 in-

120 735 246 762 teresse
274 731 427 764 introitui
459 739 493 764 et
523 736 680 775 expensis
705 738 858 768 comunis
884 737 1039 771 Mutinae
1063 746 1096 771 et
1120 740 1238 773 videre
1265 748 1298 774 et
1322 743 1514 775 examinare
1540 744 1716 776 introitum
1740 752 1773 777 et
1797 756 1962 788 expensas

120 789 153 814 et
184 783 309 815 habere
343 791 497 825 quartam
521 793 651 827 partem
677 789 823 820 clavium
854 797 1028 832 portarum
1042 791 1063 823 ².
1109 793 1211 825 Dicto
1236 800 1388 836 tempore
1420 797 1576 828 dominus
1601 796 1846 841 Canisgrandis
1870 799 1962 831 della

120 835 220 867 Scala
244 836 306 868 ivit
328 837 363 867 in
381 837 553 869 obsessum
570 840 718 872 civitatis
741 842 892 874 Tarvisii
917 849 951 875 et
974 844 1020 875 ibi
1036 845 1132 876 stetit
1154 856 1217 887 per
1239 858 1294 879 xv.
1319 848 1403 886 dies,
1419 855 1453 880 et
1469 855 1550 880 tunc
1574 850 1630 881 die
1654 851 1772 882 martis
1787 851 1868 894 xviij
1887 851 1960 882 iulii

118 887 300 919 dominium
317 889 428 921 dictae
446 890 589 923 civitatis
606 893 721 924 datum
738 894 801 926 fuit
817 895 926 927 eidem
943 897 1082 929 domino
1099 898 1186 930 Cani
1199 898 1220 937 ³,
1238 900 1296 942 qui
1311 900 1412 932 rediit
1429 911 1545 933 omnes
1559 902 1766 935 extrinsecos
1780 903 1895 935 dictae
1911 905 1960 936 ci-

118 941 229 972 vitatis
245 947 278 973 et
290 941 385 973 dicto
403 943 458 974 die
476 943 633 976 dominus
649 945 751 978 Canis
767 957 803 979 se
819 948 1002 980 infirmavit
1018 950 1054 981 in
1072 951 1166 983 dicta
1182 952 1320 984 civitate
1336 953 1410 995 ipsa
1424 954 1540 986 habita
1553 960 1586 986 et
1600 955 1746 987 decessit
1761 961 1795 987 et
1811 956 1960 998 sepultus

118 993 183 1024 fuit
205 993 363 1026 Veronae
394 996 462 1039 xxij
496 997 568 1028 iulii
576 1010 583 1034 ;
618 1004 652 1029 et
683 1005 764 1031 tunc
796 1002 906 1033 statim
930 1002 1086 1034 dominus
1108 1003 1269 1037 Albertus
1301 1013 1334 1037 et
1358 1006 1515 1038 dominus
1539 1007 1707 1039 Mastinus
1731 1008 1821 1040 della
1845 1008 1958 1047 Scala,

118 1052 258 1087 nepotes
281 1047 408 1078 domini
432 1049 534 1081 Canis
558 1052 736 1091 praedicti,
761 1054 881 1085 effecti
905 1062 981 1086 sunt
1006 1056 1137 1088 domini
1160 1058 1321 1090 Veronae
1334 1058 1355 1090 ⁴.
1402 1059 1504 1091 Dicto
1529 1066 1681 1102 tempore
1698 1061 1741 1092 de
1759 1071 1874 1093 mense
1899 1073 1958 1093 au-

116 1098 204 1140 gusti
228 1099 385 1131 dominus
401 1101 551 1144 Legatus
576 1104 660 1135 fecit
676 1104 821 1137 detineri
846 1107 882 1137 in
899 1107 1035 1139 civitate
1059 1109 1236 1142 Bononiae
1261 1111 1492 1143 Rolandinum
1525 1113 1569 1145 de
1593 1113 1725 1145 Rubeis
1749 1114 1792 1146 de
1823 1113 1957 1153 Parma,

116 1151 171 1193 qui
193 1152 302 1184 iverat
325 1154 369 1185 ad
386 1165 461 1185 eum
478 1155 655 1188 Bononiae
672 1168 749 1189 cum
766 1158 840 1190 aliis
856 1160 1154 1204 ambaxiatoribus}
1170 1170 1309 1204 propter
1327 1165 1421 1205 quod
1437 1164 1640 1197 Parmenses
1657 1166 1954 1198 concordaverunt

115 1215 150 1235 se
173 1215 249 1236 cum
274 1206 414 1238 domino
436 1207 646 1249 Imperatore
663 1217 696 1243 et
720 1211 883 1243 miserunt
907 1223 970 1254 pro
987 1223 1038 1251 eo,
1056 1221 1089 1245 et
1105 1224 1190 1257 gens
1214 1216 1299 1248 dicti
1322 1216 1446 1249 Bavari
1472 1218 1611 1250 intravit
1637 1218 1794 1250 Parmam
1818 1219 1878 1251 die
1903 1219 1951 1263 xij

204 1382 225 1400 1.
245 1376 363 1402 Panicio
383 1379 414 1402 A.
442 1392 450 1396 -
471 1380 665 1413 Mcccxxviiijl
683 1381 749 1413 1328
767 1383 809 1411 A.‚
824 1384 908 1413 Mun„
930 1386 989 1411 Cr.;
1010 1394 1052 1408 ma
1071 1386 1083 1407 12
1104 1386 1223 1410 evidente
1243 1395 1334 1411 errore
1355 1401 1385 1404 —
1407 1389 1621 1413 2.iuliiamz⁷1ti
1639 1398 1654 1412 a
1676 1389 1750 1413 sacta
1764 1398 1812 1413 mm
1833 1390 1846 1412 ἒ
1860 1390 1886 1412 in
1905 1390 1947 1419 A,

114 1419 199 1447 Mun..
215 1421 261 1445 Cr.
279 1434 306 1440 -—-
320 1421 343 1445 6.
358 1421 514 1454 Guarteno]
529 1424 579 1448 cosi
594 1425 680 1455 Mum,
696 1427 756 1452 Cn:
770 1426 916 1451 Guaeteno
932 1427 962 1452 A.
978 1442 985 1445 —
1000 1429 1058 1461 cui]
1072 1430 1097 1452 ci
1111 1430 1158 1454 A:
1172 1433 1198 1453 et
1218 1432 1243 1454 ei
1258 1431 1335 1455 MUR.
1351 1433 1395 1456 Cr.
1418 1445 1450 1449 —
1472 1440 1496 1463 9.
1512 1432 1671 1465 portarum]
1688 1435 1769 1457 anche
1790 1434 1835 1464 qui
1851 1434 1895 1458 Cr,
1909 1435 1947 1466 sa

113 1465 233 1494 segm're:
246 1465 374 1490 civitatis
389 1467 523 1498 Mutinae,
539 1470 581 1492 che
595 1478 642 1492 mm
656 1471 669 1493 ὸ
683 1471 708 1492 iu
729 1473 761 1494 A.
781 1480 794 1494 e
813 1471 889 1495 Mun.
911 1485 943 1489 —
965 1479 1003 1496 10.
1024 1473 1162 1505 Tarvisii]
1175 1476 1225 1498 cosi
1242 1475 1328 1503 Mna..
1351 1478 1412 1506 Cr.3
1431 1476 1564 1509 Tarsuvlj
1580 1477 1612 1500 A.
1629 1491 1636 1494 -
1657 1477 1755 1501 diebus
1778 1478 1811 1502 A.
1827 1491 1835 1494 -
1850 1479 1948 1501 martis

113 1507 199 1541 xviij]
219 1511 316 1532 martis
331 1516 362 1542 27
377 1510 417 1541 A„
439 1512 524 1539 MUR.‚
549 1512 606 1538 Cra:
621 1522 662 1537 mn
679 1515 701 1537 il
712 1521 745 1544 27
764 1516 849 1546 lug-lla
864 1517 971 1548 1329su
982 1518 1111 1548 giovedi:
1126 1527 1151 1541 v.
1165 1523 1225 1542 uota
1235 1528 1254 1549 3
1269 1533 1300 1537 —
1318 1527 1326 1543 1
1337 1527 1357 1544 1.
1372 1520 1444 1544 redit
1463 1520 1505 1551 Al,
1522 1522 1581 1548 Cr.;
1598 1521 1722 1545 reddidit
1737 1530 1804 1545 corr.
1822 1521 1899 1545 MUR.
1919 1537 1948 1539 —

117 1558 125 1574 1
134 1557 196 1575 1—12.
208 1553 345 1585 civitatis]
357 1556 406 1578 cns}
418 1556 462 1579 A:
474 1557 588 1580 civitati
600 1566 667 1581 corr.
681 1559 765 1584 MUR..
779 1560 821 1582 Cr.
836 1574 865 1576 *ff
880 1567 919 1591 13.
933 1561 1008 1592 iulii]
1020 1562 1131 1593 augusti
1144 1562 1185 1592 A.‚
1194 1562 1278 1591 Mun..
1292 1565 1346 1592 (Ἰν..-
1358 1573 1382 1588 v.
1394 1569 1455 1588 nota
1466 1572 1482 1595 ᾳ
1493 1577 1525 1582 —-
1539 1564 1578 1589 16.
1590 1566 1748 1589 Bononiam
1761 1566 1847 1596 MUR.⁷
1861 1567 1905 1591 Cr.
1918 1579 1949 1583 —

109 1638 152 1662 del
169 1646 233 1672 1329
247 1642 288 1672 (in
309 1641 391 1665 Atti
411 1650 424 1666 e
444 1651 542 1667 inem.
563 1645 662 1668 della
682 1645 714 1669 R.
735 1646 815 1677 Dep.
835 1647 868 1670 di
892 1650 929 1671 st.
949 1656 998 1679 pa·
1056 1650 1217 1675 “desiderio
1243 1653 1286 1675 dei
1307 1652 1460 1681 Modenesi‚
1481 1655 1578 1677 tenuto
1599 1656 1683 1678 conto
1703 1654 1747 1678 del
1768 1655 1850 1677 modo
1871 1655 1943 1678 lode-

110 1681 187 1711 tria,
208 1683 276 1706 serie
296 1685 333 1713 5⁸,
355 1684 408 1707 vol.
431 1684 475 1715 IV,
492 1693 537 1716 pp.
551 1684 581 1709 81
599 1686 667 1718 sgg.)
683 1689 798 1711 scrisse:
821 1689 898 1713 “Dal
914 1691 998 1713 Liber
1055 1692 1066 1703 *¹
1083 1692 1144 1715 vole
1164 1694 1207 1716 col
1228 1694 1307 1725 quale
1329 1695 1347 1717 il
1369 1697 1450 1719 conte
1469 1695 1565 1719 Ettore
1586 1703 1671 1720 aveva
1691 1697 1898 1728 disimpegnato
1914 1698 1939 1721 le
1970 1701 2005 1725 40

111 1721 362 1755 “Reformationum
382 1726 424 1749 del
450 1733 514 1759 1329
541 1729 564 1752 si
584 1730 724 1760 apprende
744 1730 792 1754 che
814 1731 857 1754 nel
885 1733 996 1763 maggio
1053 1735 1064 1745 “
1078 1741 1124 1757 sue
1143 1731 1278 1764 sunzioni,
1298 1744 1311 1759 e
1331 1735 1408 1767 sped1
1428 1745 1482 1761 una
1502 1738 1601 1762 lettera
1621 1739 1654 1762 da
1670 1738 1796 1769 Bologna
1811 1739 1866 1770 agli
1883 1739 1942 1762 An-

111 1763 159 1788 “le
179 1765 349 1790 soldatesche
368 1769 573 1794 ecclesiastiche
593 1773 790 1797 traversarono
812 1774 832 1797 il
852 1776 996 1798 territorio
1053 1776 1148 1798 “ziani
1169 1777 1196 1800 di
1217 1777 1336 1802 Modena
1357 1785 1388 1802 su
1407 1779 1463 1802 tale
1483 1781 1629 1811 proposito
1642 1798 1664 1809 „.
1702 1780 1724 1803 E
1738 1781 1765 1804 la
1780 1780 1879 1804 lettera
1892 1781 1935 1804 del

111 1805 123 1818 “
135 1807 279 1832 modenese
299 1809 399 1833 dirette
419 1813 517 1835 contro
538 1812 564 1836 la
584 1811 653 1837 citta
674 1815 701 1837 di
723 1814 839 1846 Reggio,
856 1817 887 1839 ed
908 1815 922 1840 ὲ
936 1824 995 1849 per-
1054 1823 1080 1840 12
1101 1819 1207 1849 giugno
1221 1820 1324 1844 diretta
1338 1820 1384 1843 dal
1398 1819 1511 1852 Legato,
1527 1822 1584 1845 allo
1600 1824 1687 1845 stesso
1700 1822 1797 1845 Ettore
1811 1823 1845 1846 da
1862 1822 1945 1846 Pani-

111 1846 178 1873 “cio
198 1849 246 1873 che
267 1851 286 1873 il
307 1849 412 1882 Legato
433 1852 563 1877 sollecito
583 1855 623 1885 gli
645 1855 766 1879 Anziani
791 1857 819 1880 di
841 1857 960 1882 Modena
981 1866 995 1882 a
1050 1861 1134 1887 cosin
1155 1862 1197 1884 cui
1220 1862 1241 1884 si
1263 1862 1338 1885 dice:
1354 1862 1405 1885 “A
1418 1864 1465 1886 tua
1479 1864 1719 1894 circonspectione
1733 1867 1859 1895 gerentes
1872 1865 1945 1888 fidu·

110 1889 191 1914 “fare
211 1892 323 1916 riattare
344 1893 369 1916 le
390 1895 433 1917 vie
447 1896 479 1918 ed
501 1897 613 1926 iponti,
629 1898 661 1920 ed
683 1905 697 1921 a
719 1898 852 1929 fornirgli
874 1901 994 1923 secondo
1051 1901 1143 1925 “ciam
1164 1903 1330 1933 specialem„
1352 1911 1366 1926 e
1386 1904 1413 1927 lo
1434 1905 1456 1927 si
1478 1905 1619 1929 conferma
1635 1906 1744 1936 “usque
1758 1907 1790 1930 ad
1807 1907 1878 1930 alios
1893 1914 1941 1931 sex
1972 1911 2004 1936 45

110 1931 123 1944 ¹¹
135 1933 142 1955 i
163 1935 233 1964 patti
254 1942 290 1958 un
310 1936 376 1959 dato
398 1944 511 1961 numero
531 1939 558 1961 di
576 1939 690 1963 milizie.
728 1939 880 1965 L'esercito
900 1944 993 1973 ponti—
1051 1944 1063 1954 “
1072 1951 1198 1974 menses„
1210 1943 1239 1976 ;;ὲ
1251 1945 1410 1976 pubblicata
1422 1946 1452 1969 in
1464 1946 1666 1975 SANDONN1N1,
1677 1951 1718 1978 op.
1729 1948 1782 1977 cit„
1796 1955 1840 1979 pp.
1854 1955 1941 1981 90-91-

110 1972 195 1998 “ficio
215 1977 313 2000 rimase
339 1984 388 2008 per
413 1980 559 2009 parecchio
580 1982 674 2011 tempo
695 1985 855 2014 accampato
879 1984 923 2007 sul
943 1986 994 2007 ter·
1135 1984 1146 2000 Β
1164 1986 1264 2018 Ripete
1284 1996 1297 2011 e
1317 1990 1423 2018 precisa
1443 1989 1468 2012 le
1490 1990 1593 2013 notizie
1612 1987 1659 2020 giii
1673 1990 1735 2014 date
1750 1998 1840 2022 sopra,
1854 1998 1879 2022 p.
1894 1990 1936 2023 98,

108 2015 212 2040 “ritori
233 2019 260 2042 di
281 2019 379 2044 Parma
399 2028 412 2044 e
432 2022 459 2044 di
480 2021 596 2053 Reggio,
626 2025 673 2056 poi
696 2024 806 2048 ritorno
834 2033 914 2050 verso
936 2026 993 2050 Mo-
1047 2026 1076 2050 11.
1097 2034 1184 2051 21-22.
1222 2029 1257 2052 Di
1279 2029 1342 2053 Elia
1362 2030 1394 2053 de
1414 2031 1440 2053 la
1454 2030 1548 2054 Roche
1568 2032 1745 2056 condottiero
1763 2033 1791 2055 di
1807 2033 1938 2056 cavalieri

108 2056 209 2089 “dena‚
232 2068 245 2083 e
266 2061 294 2084 su
315 2063 344 2085 in
373 2063 465 2093 quella
486 2066 576 2094 specie
596 2065 623 2088 di
645 2067 755 2090 ritirata
776 2067 824 2090 che
844 2075 910 2098 pose
930 2068 993 2092 l'as—
1046 2076 1059 2092 e
1079 2070 1107 2092 di
1128 2070 1283 2094 BertonIno
1303 2072 1335 2094 de
1351 2071 1486 2096 Gararten
1506 2074 1638 2096 tesoriere
1658 2081 1714 2097 non
1730 2075 1751 2097 si
1767 2076 1848 2098 trova
1862 2083 1935 2099 men-

108 2098 207 2124 “sedio
227 2109 241 2125 a
260 2104 347 2133 quest'
356 2104 456 2128 ultima
476 2103 552 2135 tzitta,
575 2105 681 2137 perche,
702 2114 779 2131 come
800 2108 828 2132 lo
849 2111 950 2133 attesta
971 2110 990 2133 il
1046 2111 1127 2134 zione
1147 2112 1221 2143 negli
1243 2114 1294 2136 atti
1322 2114 1445 2144 pubblici
1474 2115 1631 2142 modenesi;
1658 2123 1671 2138 e
1692 2123 1813 2147 neppure
1839 2118 1882 2140 tra
1909 2117 1933 2140 le
1968 2120 2002 2145 50

107 2140 256 2173 “Morano,
277 2152 290 2168 e
304 2145 333 2168 lo
348 2153 538 2177 comprovano
554 2149 561 2170 1
578 2148 640 2172 fatti
663 2151 820 2180 successivi‚
838 2152 859 2173 si
875 2153 991 2179 temeva,
1044 2153 1210 2177 moltissime
1231 2161 1346 2185 persone
1367 2156 1409 2178 del
1436 2154 1545 2186 seguito
1565 2157 1592 2180 di
1608 2157 1762 2181 Bertrando
1777 2161 1935 2182 enumerate

107 2183 206 2208 “come
226 2193 253 2209 se
273 2188 347 2211 n'era
367 2195 461 2219 sparsa
481 2189 508 2212 la
529 2197 595 2213 voce
616 2191 665 2214 che
687 2191 713 2214 la
733 2189 802 2215 citt&
824 2192 931 2216 volesse
958 2194 992 2217 ri-
1046 2194 1089 2217 nel
1105 2195 1271 2219 documento
1292 2197 1453 2227 pubblicato
1468 2198 1502 2221 da
1522 2198 1551 2221 L.
1567 2198 1644 2222 Frati
1660 2200 1688 2222 in
1709 2198 1790 2223 Atti
1811 2207 1825 2223 e
1845 2208 1935 2224 mem.

107 2225 240 2250 “bellarsi
270 2228 296 2251 al
324 2228 430 2260 Legato
459 2238 472 2254 e
502 2233 703 2256 sottomettersi
735 2234 759 2256 ai
791 2235 891 2257 nemici
916 2235 990 2259 della
1045 2236 1143 2260 della
1162 2236 1193 2260 R.
1215 2237 1295 2268 Dep.
1315 2239 1350 2262 di
1370 2240 1412 2262 st.
1433 2241 1553 2270 patria
1572 2248 1635 2272 per
1655 2241 1686 2264 le
1706 2248 1807 2273 prov.
1827 2243 1862 2266 di
1879 2241 1936 2265 Ro-

106 2266 119 2279 ‘¹
130 2266 236 2292 Chiesa.
274 2269 418 2295 L’assedio
438 2271 508 2296 duro
529 2274 654 2304 parecchi
677 2276 780 2305 giomi,
804 2283 846 2299 ma
866 2277 923 2300 alla
936 2277 990 2301 fine
1044 2285 1180 2310 magna,
1201 2281 1230 2309 4³
1249 2281 1327 2309 serie,
1349 2280 1404 2303 vol.
1425 2280 1457 2306 II.
1478 2288 1522 2312 pp.
1544 2280 1629 2312 50-80.

105 2307 151 2332 “si
173 2317 260 2334 venne
281 2312 313 2335 ad
333 2320 388 2337 una
402 2316 625 2345 composizionet
643 2316 662 2338 il
679 2324 795 2340 comune
811 2318 839 2341 fu
854 2320 989 2342 costretto
1130 2318 1141 2334 3
1161 2320 1204 2344 Cf.
1225 2322 1292 2344 Ana.
1307 2326 1412 2352 patav„
1434 2323 1504 2346 ediz.
1524 2323 1655 2351 Bonardi,
1677 2325 1705 2347 in
1728 2326 1791 2349 RR.
1816 2327 1852 2349 IL
1875 2326 1933 2353 SS..
1964 2331 1995 2356 55

105 2349 161 2374 “ad
190 2353 341 2384 accogliere
367 2358 446 2379 entro
469 2356 494 2379 le
522 2364 597 2380 mura
624 2359 777 2388 cinquanta
804 2360 906 2383 cavalli
931 2361 988 2384 ‹lel-
1034 2361 1114 2390 ,V111‚
1135 2366 1212 2393 parte
1234 2371 1250 2393 ι,
1272 2371 1298 2394 p.
1325 2369 1382 2393 251,
1406 2372 1457 2388 ove
1483 2365 1635 2396 l'ingresso
1655 2366 1682 2389 di
1710 2365 1876 2398 Cangrande
1903 2369 1931 2391 in

102 2390 115 2404 ¹¹
128 2392 263 2418 l’esercito
282 2396 326 2418 del
347 2395 451 2427 Legato
472 2405 486 2421 a
507 2398 595 2422 difesa
616 2399 659 2422 del
680 2399 795 2424 Rettore
815 2401 889 2424 della
909 2399 985 2431 cittii,
1041 2402 1158 2427 Trcviso
1173 2402 1187 2427 'e
1201 2407 1283 2435 posto
1304 2405 1329 2429 al
1352 2406 1421 2429 “die
1441 2408 1538 2430 martis
1556 2413 1609 2431 xxv
1630 2408 1729 2439 iulii„,
1749 2416 1800 2432 con
1817 2410 1933 2433 manife-

104 2431 245 2459 “memore
273 2436 344 2460 forse
373 2438 446 2462 della
472 2438 524 2462 fine
550 2440 660 2463 crudele
688 2441 731 2463 del
752 2445 938 2472 governatore
958 2444 985 2466 di
1041 2447 1084 2468 sto
1110 2453 1209 2474 errore,
1236 2448 1343 2471 avendo
1363 2448 1391 2470 1ο
1417 2449 1505 2472 stesso
1531 2449 1673 2473 annalista
1699 2451 1778 2474 detto
1810 2451 1859 2475 che
1884 2459 1928 2476 era

104 2473 268 2508 “Reggio„.
1039 2486 1182 2510 cavalcato
1204 2495 1283 2511 verso
1303 2488 1410 2512 Trezzo
1433 2489 1452 2512 il
1473 2497 1489 2520 4
1509 2489 1599 2521 luglio
1626 2498 1639 2514 e
1661 2492 1682 2514 si
1710 2499 1755 2515 era
1775 2494 1931 2517 trattenuto

187 2516 195 2533 ¹
214 2519 311 2544 Ettore
330 2522 365 2545 da
384 2522 595 2548 Punico-aveva
615 2523 661 2555 gia
682 2526 780 2549 tenuto
802 2526 822 2549 il
851 2528 986 2551 rettorato
1040 2528 1084 2551 nel
1105 2531 1263 2553 monastero
1283 2531 1442 2554 suburbano
1467 2532 1510 2554 dei
1537 2531 1582 2556 SS.
1607 2530 1753 2560 Quaranta
1779 2541 1828 2565 per
1855 2534 1928 2558 “mv
1959 2532 1994 2556 60

100 2567 147 2590 per
165 2563 242 2591 quasi
263 2563 314 2586 due
334 2566 468 2591 semestri„
489 2567 676 2590 mostranclosi
694 2568 764 2590 assai
782 2568 944 2592 savorevole
958 2570 984 2593 ai
1039 2570 1142 2600 diesff:
1155 2569 1200 2594 cio
1220 2572 1268 2595 che
1289 2574 1368 2603 porta
1384 2572 1538 2603 1¹ingresso
1553 2574 1579 2597 al
1597 2572 1635 2601 18,
1649 2576 1750 2605 giorno
1769 2579 1926 2600 veramente

101 2600 265 2631 Ghibellini,
286 2603 308 2628 si
329 2605 378 2629 che
397 2606 434 2637 gli
462 2607 582 2631 Anziani
610 2608 638 2631 lo
664 2610 985 2634 tenevano'carissim0:
1039 2612 1066 2634 di
1086 2611 1203 2636 martedi
1224 2612 1269 2644 (cf.
1290 2614 1351 2637 Ant.
1372 2622 1408 2637 cr.
1429 2622 1526 2645 veron„
1548 2616 1589 2639 ed.
1610 2615 1734 2647 Cipolla‚
1754 2616 1774 2645 Ι,
1794 2618 1864 2650 475).

103 2642 199 2667 “nella
220 2645 313 2669 seduta
334 2645 403 2677 (cosi
424 2647 625 2677 Smomum,
646 2653 686 2679 op.
705 2650 758 2678 cit„
780 2658 804 2681 p.
831 2650 875 2682 90)
899 2652 942 2675 del
970 2659 983 2684 7
1126 2652 1137 2667 ¹¹
1158 2653 1323 2685 Cangrande
1343 2653 1413 2678 morl
1434 2656 1455 2679 il
1475 2663 1505 2679 22
1528 2657 1616 2687 luglio
1636 2657 1683 2688 (cf.
1710 2658 1744 2681 A.
1772 2659 1876 2685 Memn-
1897 2662 1925 2684 in

103 2684 230 2716 “giugno
252 2686 271 2709 il
293 2687 406 2712 Vicario
429 2689 540 2714 ricorde
564 2698 640 2714 come
663 2694 750 2716 ormai
768 2693 839 2716 fosse
855 2694 875 2716 il
889 2695 983 2725 tempo
1037 2693 1212 2718 Archivio
1230 2695 1372 2725 Veneto,
1390 2695 1531 2727 XXXI‚31
1548 2705 1561 2721 e
1576 2698 1645 2729 sgg.)
1661 2698 1674 2711 “
1685 2701 1713 2722 et
1739 2701 1927 2726 incontinenti

101 2725 114 2737 “
125 2726 152 2749 di
174 2733 306 2760 proporre
326 2730 346 2753 il
368 2737 448 2754 nome
467 2731 512 2755 del
534 2740 627 2756 nuovo
643 2734 753 2761 rettore,
775 2741 817 2758 ma
832 2734 982 2759 Bonifazio
1039 2735 1204 2766 “portatum
1219 2736 1273 2760 fuit
1287 2745 1386 2768 corpus
1401 2745 1480 2762 suum
1495 2738 1620 2764 Veronae
1630 2743 1657 2764 et
1668 2750 1730 2766 cum
1745 2745 1867 2767 maximo
1879 2744 1926 2768 ho-
1956 2740 1987 2772 65

101 2766 168 2791 “dei
189 2768 340 2800 Buzzalini‚
361 2779 415 2795 uno
441 2773 485 2796 dei
506 2775 635 2804 sapienti,
658 2776 679 2798 si
695 2782 799 2806 oppose
818 2783 832 2799 e
853 2778 982 2801 sostenne

101 2807 114 2820 ‘¹
125 2809 173 2832 che
193 2809 266 2834 fosse
280 2813 387 2837 inviata
401 2815 618 2839 un'ambasciata
632 2817 658 2840 al
673 2815 778 2847 Legato
792 2825 840 2848 per
860 2810 980 2842 chieder-

98 2847 162 2879 “gli
176 2850 204 2872 in
225 2852 319 2881 grazia
338 2852 365 2876 la
384 2855 550 2879 riconferma
570 2856 614 2879 del
635 2859 716 2880 conte
736 2858 770 2881 da
790 2857 903 2882 Panico.
940 2858 978 2883 La

99 2889 254 2922 “proposta
282 2894 310 2917 fu
330 2898 464 2920 accettata
483 2905 497 2921 e
520 2898 620 2922 furono
641 2899 719 2922 cletti
741 2900 936 2924 ambasciatori
952 2902 980 2925 lo

99 2931 208 2956 “stesso
229 2939 402 2966 proponente
421 2946 434 2961 e
454 2938 599 2963 Gherardo
619 2940 678 2966 Pio.
699 2941 748 2964 che
770 2942 798 2965 su
824 2944 870 2973 poi
898 2945 979 2967 sosti-

98 2973 194 2998 “tuito
220 2983 271 2999 con
297 2975 440 3002 Giovanni
467 2980 631 3011 Papazzoni.
669 2982 691 3005 11
715 2982 820 3014 Legato
848 2982 924 3008 ader}
952 2985 978 3009 al

1039 2776 1051 2788 ‘¹
1063 2778 1249 2806 nore‚dolore,
1259 2778 1324 2802 fletu
1334 2780 1360 2802 et
1369 2780 1486 2803 tristitia
1497 2781 1635 2811 sepultum
1645 2783 1700 2807 suit
1711 2801 1724 2814 n
1735 2783 1926 2816 (Anmpatav.,

1035 2818 1087 2842 loc.
1099 2818 1165 2850 cit.).
1203 2820 1321 2843 Alberto
1340 2819 1365 2843 II
1378 2828 1392 2844 e
1406 2820 1530 2845 Mastino
1544 2822 1577 2853 ΙΙ,
1593 2823 1700 2848 fratelli
1715 2825 1743 2849 di
1759 2825 1924 2858 Cangrande

1034 2860 1054 2890 1,
1069 2861 1108 2891 gli
1130 2862 1316 2885 succedettero
1337 2863 1410 2886 nella
1424 2864 1559 2895 signoria,
1573 2867 1616 2888 cui
1637 2866 1681 2889 del
1696 2868 1770 2890 resto
1784 2875 1868 2891 erano
1889 2869 1923 2892 da

1034 2903 1127 2934 tempo
1148 2904 1286 2931 associati,
1306 2911 1320 2927 e
1341 2905 1348 2927 i
1369 2905 1461 2935 nipoti
1481 2905 1540 2936 figli
1561 2907 1588 2930 di
1610 2907 1746 2936 Alboino,
1772 2909 1890 2934 Alberto
1910 2918 1923 2933 e

1033 2944 1166 2975 Mastino,
1188 2946 1289 2969 furono
1309 2946 1387 2969 eletti
1408 2948 1531 2978 capitani
1547 2948 1591 2972 del
1606 2948 1732 2974 Comune
1747 2958 1760 2974 e
1774 2951 1817 2975 del
1833 2951 1921 2983 Popo-
1952 2957 1986 2983 70

1031 2986 1060 3009 1ο
1079 2993 1127 3017 per
1147 2987 1352 3011 deliberazione
1367 2988 1410 3012 dei
1432 2990 1552 3021 consigli
1568 2991 1699 3016 cittadini
1715 2992 1759 3016 del
1776 2999 1805 3024 ²3
1822 2993 1920 3025 luglio.
