2370 3603
105 542 122 573 υι

87 805 124 834 10

83 1332 124 1361 20

89 2356 121 2373 10

92 2618 122 2644 15

147 217 231 251 [ΑΛ.
254 219 441 251 1349-1350]
757 212 1011 247 IOHANNIS
1040 212 1110 246 DE
1136 211 1354 248 BAZANO

149 333 243 365 venit
266 333 309 365 de
334 335 474 366 Feraria
497 333 651 365 Mutinae
669 342 771 364 causa
796 333 986 364 honorandi
1009 343 1085 364 eum
1103 338 1136 364 et
1153 333 1213 364 ivit
1231 332 1367 364 obviam
1387 333 1415 363 ei
1433 342 1540 374 usque
1557 333 1602 364 ad
1617 333 1754 374 plebem
1772 333 1985 371 Cittanovae,

148 392 182 417 et
207 396 283 417 cum
307 396 431 428 magno
456 387 586 418 honore
610 385 754 417 sociavit
780 396 854 416 eum
878 395 985 427 usque
1010 386 1055 417 ad
1078 386 1251 417 civitatem
1267 385 1422 417 Mutinae
1439 391 1473 417 et
1489 386 1602 425 posuit
1618 386 1746 416 eumin
1763 386 1884 417 Castro
1909 396 1985 417 cum

148 444 221 470 tota
244 439 375 470 familia
398 450 458 470 sua
474 449 581 480 prope
605 444 737 479 portam
756 438 926 475 Albareti3
945 445 979 470 et
995 439 1130 469 iverunt
1147 439 1256 470 eciam
1275 448 1393 469 omnes
1409 438 1524 469 clerici
1543 438 1678 469 obviam
1697 437 1761 470 sibi
1780 448 1857 469 cum
1874 439 1986 470 cruci—

148 491 209 522 bus
233 498 266 522 et
290 501 435 523 comune
460 490 612 522 Mutinae
637 501 712 522 cum
739 502 790 522 cc.
816 491 983 532 dopleriis
1007 491 1159 522 accensis
1175 490 1330 532 quamvis
1347 496 1434 521 esset
1452 490 1524 521 dies
1546 490 1655 527 clara3
1673 497 1750 532 post
1766 491 1906 522 terciam
1930 491 1985 522 vel

147 550 277 574 sextam
301 544 431 575 iverunt
446 554 552 585 usque
578 543 621 574 ad
644 543 950 586 Campumlongum
966 542 986 574 ¹.
1011 544 1054 574 Et
1071 544 1106 573 in
1125 543 1217 574 dicto
1234 548 1346 574 castro
1363 543 1455 574 stetit
1473 542 1604 573 duobus
1622 543 1742 574 diebus
1759 549 1792 574 et
1807 543 1982 584 provisum

148 596 214 626 fuit
238 596 374 636 [eidem]
399 602 433 627 et
456 595 606 626 familiae
632 606 711 627 suae
737 596 895 637 expensis
919 596 1074 627 comunis
1097 595 1251 626 Mutinae
1277 595 1343 626 late
1368 595 1410 626 de
1435 595 1592 626 omnibus
1615 596 1827 636 opportunis,
1853 602 1885 627 et
1908 606 1984 627 cum

147 648 238 678 dicto
262 647 437 679 Cardinali
461 653 557 679 erant
582 647 734 679 sexcenti
759 648 899 689 equites,
926 648 981 679 cui
1005 648 1161 679 domiuus
1184 647 1342 678 Marchio
1367 647 1612 678 donavit-duos
1628 647 1816 679 dextrerios
1833 648 1875 680 de
1892 657 1984 679 scar-

148 699 214 731 leto
240 707 421 741 coopertos
445 706 478 731 et
502 699 662 731 faleratos
680 706 713 731 et
730 700 786 731 die
803 701 921 731 martis
937 700 1030 743 xxiiij
1049 700 1212 731 februarii
1230 700 1290 731 ivit
1307 700 1497 731 Bononiam
1510 699 1521 715 ²
1539 700 1687 731 sociatus
1703 710 1722 730 a
1738 701 1874 732 domino
1890 700 1986 732 Mar—

149 752 271 783 chione
296 763 402 794 usque
426 752 471 783 acl
495 750 638 783 Pontem
664 752 782 784 Sancti
807 752 991 790 Ambrosii,
1017 761 1049 783 et
1075 752 1254 784 dicebatur
1278 752 1371 794 quod
1396 758 1468 783 erat
1495 752 1647 794 Legatus
1679 753 1737 793 [in]
1762 753 1920 784 Marchia
1951 759 1984 785 et

147 804 378 836 Romandiola
402 811 436 836 et
459 804 530 836 ibat
554 805 702 836 Romam
728 804 930 845 [occasione]
955 804 1191 846 indulgentiae
1216 805 1387 846 generalis
1412 815 1498 846 quae
1517 805 1552 835 in
1569 815 1658 836 anno
1676 811 1820 836 venturo
1838 816 1910 836 esse
1927 806 1984 846 [et]

148 858 219 888 fieri
242 857 291 887 ibi
315 858 521 899 generaliter
543 858 586 888 ab
610 858 767 889 omnibus
791 858 976 889 dicebatur.

235 910 400 940 Dominus
423 910 640 941 Lanfrancus
664 909 720 950 [de
745 910 957 950 Malvixinis]
982 911 1025 941 de
1050 911 1206 942 Fontana
1230 910 1446 951 placentinus
1469 910 1624 942 Potestas
1649 910 1803 942 Mutinae
1828 921 1890 952 pro
1923 912 1984 942 do—

147 963 238 994 mino
262 963 466 994 Marchione
490 963 522 993 iu
550 963 597 994 M.
616 963 843 1006 cccxxxxviiij
863 963 918 1003 [et]
936 963 1067 1003 incepit
1084 963 1237 1003 regimen
1255 973 1348 994 suum
1369 963 1423 994 die
1441 964 1550 1003 primo
1567 964 1699 1005 augusti
1713 962 1734 995 ³.
1759 964 1861 994 Dicto
1878 964 1985 995 mille-

146 1015 231 1047 simo
256 1016 365 1056 primo
389 1015 593 1056 septembris
610 1016 705 1057 quasi
723 1017 757 1046 in
783 1016 867 1046 liora
884 1015 1035 1046 secunda
1053 1022 1085 1046 et
1101 1021 1179 1046 ante
1197 1015 1339 1046 terciam
1361 1016 1424 1046 fuit
1441 1022 1668 1047 terraemotus
1685 1017 1718 1046 in
1736 1017 1830 1053 orbe,
1849 1017 1984 1049 scilicet

148 1068 269 1100 fortior
293 1068 359 1099 fuit
383 1068 418 1098 in
444 1069 600 1108 partibus
623 1069 775 1099 Orientis
799 1079 898 1109 quam
923 1068 1141 1104 Occidentis:
1167 1078 1268 1109 quem
1292 1074 1534 1100 terraemotum
1560 1069 1664 1110 aliqui
1689 1076 1868 1100 senserunt
1885 1070 1919 1100 in
1936 1069 1986 1101 ci-

148 1121 251 1152 vitate
275 1120 440 1158 Mutinae,
465 1122 566 1161 pauci
591 1127 752 1162 respectu
776 1121 917 1152 aliorum
942 1121 999 1162 qui
1024 1132 1091 1152 nou
1117 1127 1308 1152 senserunt.
1353 1121 1391 1151 ln
1416 1120 1551 1162 Apulea
1575 1122 1633 1161 [et]
1667 1123 1699 1152 in
1732 1122 1887 1162 partibus
1920 1123 1986 1153 illis

148 1173 262 1214 plures
287 1179 396 1204 terrae
422 1178 455 1204 et
479 1173 617 1204 edificia
640 1173 687 1204 ibi
710 1173 901 1206 existentes.
920 1183 982 1214 pro
1007 1179 1103 1213 parte
1128 1173 1275 1204 maxima
1299 1180 1511 1210 corruerunt,
1536 1180 1572 1205 ut
1597 1174 1715 1205 civitas
1748 1173 1905 1216 Aquilae,
1938 1176 1985 1206 ci-

147 1225 234 1256 vitas
259 1225 427 1256 Esculana
451 1224 504 1256 'et
536 1226 638 1257 etiam
670 1225 792 1256 civitas
823 1225 991 1256 Perusina
1015 1224 1179 1266 [propter]
1213 1226 1341 1256 dictum
1372 1232 1612 1257 terraemotum
1646 1237 1722 1258 cum
1754 1227 1869 1269 dapno
1903 1229 1981 1269 quia

148 1278 192 1309 ibi
219 1278 343 1310 multae
369 1284 478 1309 turres
503 1285 536 1309 et
560 1278 692 1309 edificia
717 1285 929 1309 corruerunt.
955 1278 992 1308 In
1011 1278 1106 1309 Urbe
1130 1287 1211 1308 vero
1235 1278 1361 1309 cecidit
1384 1279 1550 1320 quaedam
1578 1279 1726 1320 colupna
1751 1280 1794 1311 de
1820 1290 1986 1311 marmore

148 1340 235 1372 quae
259 1331 448 1362 sustinebat
473 1331 657 1362 ecclesiam
683 1330 799 1362 Sancti
829 1330 921 1361 Pauli
947 1341 1022 1361 cum
1048 1331 1154 1361 tercia
1180 1336 1276 1371 parte
1302 1330 1357 1361 vel
1382 1332 1475 1362 circa
1500 1333 1653 1372 cooperti
1685 1332 1794 1373 ipsius
1818 1333 1987 1364 ecclesiae

149 1390 182 1414 et
205 1384 330 1415 multae
355 1383 442 1414 aliae
467 1384 635 1415 ecclesiae
661 1383 709 1414 ibi
734 1390 767 1414 et
790 1383 927 1414 edificia
950 1383 1152 1414 mirabiliter
1176 1383 1412 1415 ceciderunt⁴.

236 1437 399 1468 Dominus
423 1436 639 1468 Lant'rancus
662 1436 878 1478 supradictus
902 1436 967 1467 fuit
992 1436 1144 1467 Potestas
1168 1436 1324 1468 Mutinae
1348 1447 1409 1477 pro
1427 1437 1566 1468 domiuo
1584 1438 1788 1470 Mai-chione
1807 1438 1840 1468 in
1859 1439 1984 1470 M.cccl

147 1489 204 1530 [et]
237 1489 366 1530 incepit
397 1489 549 1530 regimen
583 1500 677 1519 suum
711 1489 766 1520 die¹
800 1489 933 1519 veneris
965 1488 1076 1529 primo
1108 1489 1264 1519 ianuarii.
1313 1490 1379 1520 lsto
1404 1500 1494 1520 anno
1527 1490 1650 1521 M.cccl
1680 1491 1742 1522 fuit
1768 1490 1926 1527 Iubileus‚
1953 1491 1987 1522 in

148 1553 216 1584 quo
241 1552 328 1573 anno
354 1548 386 1573 et
410 1553 472 1583 pei·
488 1544 601 1573 'totuin
627 1552 751 1573 annum
775 1542 933 1573 dominus
958 1541 1052 1582 Papa
1076 1540 1261 1582 [Clemens]
1293 1548 1407 1573 sextus
1425 1543 1598 1573 constituit
1624 1550 1657 1574 et
1684 1544 1855 1575 ordinavit
1882 1554 1987 1586 gene-

147 1595 254 1626 ralem
279 1594 526 1636 indulgentiam
551 1601 585 1625 et
609 1594 842 1625 remissionem
867 1600 1088 1635 peccatorum
1114 1594 1265 1625 omnium
1290 1594 1445 1625 omnibus
1470 1606 1549 1626 vere
1575 1596 1828 1636 paenitentibus
1852 1603 1886 1628 et
1903 1606 1986 1627 con-

150 1648 246 1679 fessis
269 1646 426 1678 euntibus
450 1648 596 1678 Romam
622 1654 655 1679 et
678 1647 722 1678 ibi
748 1647 915 1678 stantibus
939 1658 1001 1687 pro
1026 1658 1080 1678 xv.
1105 1647 1224 1678 diebus
1242 1653 1274 1678 et
1291 1648 1381 1678 omni
1399 1648 1455 1679 die
1473 1648 1688 1679 visitantibus
1703 1649 1884 1680 ecclesiam
1902 1650 1988 1681 San-

148 1701 195 1732 cti
219 1699 313 1731 Petri
337 1706 371 1731 et
395 1700 502 1737 Pauli,
527 1700 646 1731 Sancti
670 1700 833 1730 Iohannis
850 1699 1092 1731 Lateranensis
1117 1706 1150 1730 et
1174 1699 1256 1730 alias
1273 1701 1438 1731 ecelesias
1454 1701 1486 1730 in
1509 1700 1620 1742 Papae
1638 1702 1838 1743 previlegiis
1855 1712 1985 1733 annun-

149 1754 263 1785 ciatas.
311 1754 355 1784 Et
380 1758 458 1784 tunc
483 1753 621 1784 fuerunt
650 1753 865 1784 transmissae
897 1753 1028 1783 litterae
1058 1763 1119 1793 pei·
1151 1752 1323 1783 dominum
1357 1752 1595 1784 Marchionem
1629 1760 1796 1785 estensem
1829 1755 1986 1786 omnibus

149 1806 351 1838 officialibus
373 1807 440 1836 suis
463 1806 617 1837 Mutinae
642 1806 891 1847 praecipiendo
910 1806 960 1837 eis
977 1812 1012 1836 ut
1031 1805 1173 1837 cuilibet
1189 1805 1375 1847 peregrino
1394 1806 1465 1837 sive
1483 1806 1629 1838 romerio
1646 1808 1689 1839 ab
1708 1817 1795 1849 equo
1812 1808 1986 1849 accipient

240 1962 262 1986 5.
277 1955 417 1985 pervisum
436 1954 469 1978 Α.
489 1967 523 1971 -
542 1953 567 1979 6.
580 1954 668 1978 eidem
683 1961 733 1978 om.
752 1954 831 1977 anolus
850 1954 926 1977 Μυκ.
941 1961 955 1975 e
973 1954 1027 1982 Cr.,
1039 1954 1052 1977 i
1061 1953 1139 1984 quali
1155 1956 1284 1977 omeetono
1297 1953 1378 1976 anche
1392 1954 1418 1976 il
1425 1957 1550 1985 seguentf'
1561 1955 1589 1978 et
1601 1967 1612 1972 -
1625 1954 1678 1979 late
1691 1954 1725 1978 de
1738 1962 1807 1979 corr.
1821 1955 1908 1984 Mun..
1926 1956 1987 1984 Cr.;

150 1998 261 2022 latendo
283 1998 313 2023 A.
334 2011 366 2015 —
386 1998 410 2022 S.
430 1999 576 2029 coopertos
595 1998 634 2029 et]
653 1999 761 2029 emptio
782 1998 830 2028 A.;
849 2005 898 2022 om.
914 1998 1000 2027 Mun„
1018 1996 1064 2021 Cr.
1079 2010 1090 2015 -
1104 1996 1206 2028 xxniJ]
1228 2003 1277 2028 ²33
1295 1998 1320 2021 il
1336 2005 1368 2027 25
1379 1998 1504 2029 febhrafo
1521 2004 1590 2030 1349
1602 1998 1639 2030 fu
1653 2008 1686 2022 nn
1705 1997 1796 2022 lanea}
1817 2011 1848 2016 —
1868 2006 1894 2029 9.
1913 1999 1987 2030 quod

149 2050 218 2067 corr.
238 2043 317 2072 Mum,
339 2043 398 2069 Cra:
418 2042 485 2073 quia
503 2042 535 2066 A.
555 2055 565 2060 -
586 2043 615 2065 in
635 2050 704 2073 agg.
725 2042 811 2072 Mun„
833 2043 879 2066 Cr.
901 2054 933 2058 —
956 2048 996 2066 10.
1015 2040 1175 2071 occasione]
1195 2048 1278 2064 causa
1300 2042 1387 2070 Mum,
1410 2042 1454 2064 (ἰν.
1470 2055 1480 2059 -
1495 2043 1522 2065 et
1536 2043 1601 2073 dopo
1621 2049 1680 2066 esse
1700 2051 1768 2074 agg.
1788 2043 1875 2071 Mus„
1895 2044 1938 2067 Cr.
1954 2056 1985 2060 -

156 2094 195 2110 11.
215 2087 249 2110 ab
269 2086 400 2110 omnibus
419 2087 443 2108 in
463 2085 497 2110 A.
516 2085 530 2109 ὲ
549 2087 664 2117 ripetuto
684 2086 733 2109 due
751 2087 831 2114 volte,
850 2086 895 2116 qni
913 2094 927 2109 ε
945 2086 1061 2110 clavantt
1077 2085 1114 2109 ad
1126 2085 1165 2108 ibi
1185 2098 1217 2102 —
1235 2092 1274 2110 12.
1289 2086 1321 2108 D.
1336 2085 1418 2109 Lanf.
1434 2086 1496 2109 Pot.
1510 2086 1577 2109 Mut.
1592 2087 1626 2110 de
1640 2086 1722 2110 ivoni.
1737 2086 1804 2118 place.
1818 2086 1862 2116 A„
1879 2088 1939 2116 Cr.3
1958 2088 1988 2111 lto

150 2131 258 2155 creduto
277 2130 425 2155 ristabilire
443 2131 487 2153 col
503 2130 581 2154 Μυκ.
601 2130 713 2154 ἰόνιίίηε
731 2130 819 2161 logico
843 2129 890 2153 tlel
904 2133 970 2153 testo
989 2138 1003 2152 e
1021 2129 1063 2153 coi
1080 2129 1164 2153 Mem.
1184 2130 1214 2152 ho
1234 2130 1391 2159 completam
1411 2130 1434 2152 is
1451 2137 1575 2160 cagnome
1595 2143 1627 2146 —
1651 2137 1689 2161 13.
1715 2132 1742 2154 et
1768 2138 1817 2155 om.
1837 2130 1880 2160 A„
1900 2131 1987 2160 Mun„

155 2176 200 2199 Cr.
219 2187 252 2191 —
275 2182 314 2205 14.
334 2173 453 2204 scilicet!
474 2175 520 2198 sed
541 2174 628 2203 Mun„
649 2175 694 2198 Cr.
708 2186 742 2190 —
760 2173 797 2198 16.
812 2173 907 2206 pauci!
928 2180 1043 2206 parvum
1059 2174 1147 2201 Mun„
1163 2175 1208 2197 Cr.
1222 2186 1233 2191 -
1247 2172 1315 2203 non}
1331 2173 1447 2197 ninnium
1463 2175 1541 2198 Mun.
1554 2186 1563 2191 -
1578 2176 1604 2197 et
1617 2182 1665 2198 011¹.
1679 2175 1721 2203 A„
1736 2174 1821 2205 Mun.²
1839 2176 1882 2198 Cr.
1897 2187 1931 2192 —-
1947 2182 1987 2206 17.

150 2219 240 2250 plures
260 2226 307 2242 om.
328 2219 408 2242 Mun.
427 2230 438 2235 -

149 2264 241 2286 terrae
260 2263 337 2293 quale
355 2265 479 2293 suggette
492 2263 648 2293 principale
667 2275 701 2278 —
722 2260 763 2286 18.
782 2260 910 2294 propter]
929 2261 965 2285 ob
980 2262 1059 2286 MUR.
1078 2274 1090 2279 -
1108 2263 1309 2286 terraemotum
1329 2260 1385 2284 fuit
1403 2269 1465 2285 cum
1485 2263 1596 2293 ingenti
1617 2262 1719 2286 damno
1740 2263 1818 2287 Mun.
1838 2277 1872 2280 —
1893 2270 1934 2288 21.
1948 2271 1987 2287 ec-

150 2306 263 2338 clesiae]
282 2307 427 2330 columnae
448 2307 494 2330 Cr.
514 2318 546 2322 —
567 2311 608 2336 23.
622 2307 651 2329 et
665 2313 713 2329 om.
733 2306 774 2334 A„
796 2305 883 2334 Mum,
905 2307 950 2330 Cr.
971 2318 982 2323 -
1000 2312 1094 2329 MCCCL
1114 2313 1163 2329 om.
1184 2305 1262 2329 Mun.
1283 2318 1314 2322 —
1336 2311 1376 2336 24.
1398 2306 1526 2329 Clemens
1550 2314 1618 2337 aggr.
1638 2307 1715 2331 Mun.
1731 2319 1762 2324 —
1783 2307 1872 2338 25-26.
1891 2307 1986 2331 confe-

151 2350 216 2374 stim
236 2351 262 2374 in
281 2350 314 2373 Α.
335 2351 369 2373 ed
386 2348 399 2371 ὲ
416 2351 568 2374 ‹torrezione
587 2349 691 2374 d’altra
709 2357 786 2373 mmm
803 2357 832 2373 su
853 2348 1000 2378 confessis,
1019 2350 1055 2382 qs.
1081 2349 1147 2374 Chr.
1175 2350 1242 2378 Est„
1261 2353 1334 2379 455:
1354 2350 1495 2373 concessit
1514 2349 1717 2381 indulgentiam
1737 2352 1765 2375 et
1790 2352 1985 2375 remissionem

149 2395 280 2418 omnibus
300 2401 363 2418 vere
384 2394 597 2426 poenitentibus
617 2395 643 2417 et
657 2393 806 2423 confessis,
828 2394 944 2417 Romam
954 2411 959 2417 .
969 2412 974 2417 .
984 2411 1004 2417 ..
1025 2394 1149 2417 omnium
1164 2394 1339 2425 p:*‹-cat01·111n
1354 2401 1482 2417 suorum:
1503 2396 1531 2418 la
1542 2394 1622 2426 sonte
1635 2402 1738 2419 comune
1751 2394 1764 2419 ὲ
1776 2397 1804 2419 la
1817 2396 1888 2420 bolla
1896 2397 1987 2425 ponti-

144 2438 261 2470 ficiu—
276 2438 316 2462 26.
331 2445 380 2470 per
399 2437 558 2469 quindecim
581 2438 639 2461 dies
659 2438 738 2462 Μυκ.
760 2451 790 2454 e-
812 2437 902 2467 27-28.
922 2438 1085 2462 enunciatas
1107 2438 1192 2467 Mun„
1215 2438 1259 2462 Cr.
1283 2451 1312 2454 —
1335 2444 1375 2469 29.
1396 2438 1595 2470 praecipiendo
1616 2446 1685 2463 corr.
1706 2440 1792 2469 Mun.⁷
1816 2439 1874 2469 Cru-y
1899 2441 1986 2471 perci-

152 2482 254 2514 piendo
268 2483 301 2506 A.
317 2495 327 2500 —
340 2482 493 2515 accipient}
513 2483 651 2513 occupent:
668 2482 709 2510 A,
730 2482 816 2510 Mun.⁷
840 2481 885 2506 Cr.

456 2218 604 2241 existentia
623 2218 701 2242 Mun.
725 2218 783 2244 (L'r.:
798 2226 840 2242 ma
852 2218 880 2240 la
893 2218 1042 2242 correzione
1060 2225 1109 2240 non
1124 2215 1137 2240 ὲ
1150 2217 1311 2241 necessaria:
1329 2218 1353 2240 il
1369 2219 1488 2241 cromlvta
1501 2217 1556 2249 put)
1569 2226 1636 2242 ‹evsrr
1659 2221 1748 2242 voluta
1761 2220 1924 2244 concordare
1941 2226 1987 2243 con

237 2567 245 2584 ¹
266 2567 394 2593 Localita
413 2569 489 2592 detta
517 2569 603 2592 anche
626 2568 653 2592 la
680 2567 768 2592 Croce
789 2568 815 2591 (li
831 2567 1039 2599 campolongo,

151 2610 195 2634 uel
215 2612 358 2634 territorio
373 2611 400 2634 di
422 2609 511 2640 Frcto,
528 2619 542 2634 :i
558 2611 721 2633 norcl-ovest
736 2611 762 2632 [li
779 2609 899 2633 Motlena
913 2608 1036 2641 (ΤΠιΛιιἸ

1182 2566 1192 2582 ³
1211 2568 1234 2591 11
1256 2568 1402 2592 Majvisini
1422 2571 1506 2592 tenne
1533 2569 1645 2592 l‘ufficio
1667 2570 1693 2593 (11
1716 2569 1832 2601 podest&
1851 2571 1986 2601 dall’ago-

1095 2611 1138 2633 sto
1162 2617 1226 2641 1349
1247 2609 1302 2633 alla
1323 2610 1376 2632 fim-
1389 2611 1416 2633 (11
1435 2610 1522 2640 luglio
1540 2617 1614 2642 1350,
1630 2619 1707 2634 coine
1722 2613 1742 2635 si
1759 2613 1793 2636 ha
1808 2612 1894 2636 anche
1909 2613 1982 2643 dagli

152 2653 222 2682 Dia,
244 2652 263 2682 1,
286 2651 354 2684 104).

239 2692 250 2708 ²
270 2694 395 2718 Secondo
416 2694 440 2717 lc
461 2694 534 2718 fonti
555 2694 699 2725 bolognesi
727 2695 818 2726 (Corp.
845 2695 896 2717 σὴν.
923 2695 986 2721 bon..
1006 2694 1040 2719 II.

153 2735 211 2768 596.
232 2737 261 2761 ll.
281 2736 347 2769 6-7),
369 2737 389 2760 il
408 2737 550 2760 cardinale
570 2736 725 2760 Annibaldi
747 2737 845 2766 giunse
872 2744 886 2759 a
915 2735 1038 2766 Bologna

155 2779 167 2791 “
179 2777 224 2802 adl
238 2785 275 2802 ⁴22
300 2779 312 2791 “
323 2778 356 2802 de
371 2778 488 2808 febraro,
502 2781 528 2801 et
544 2778 572 2801 fu
588 2778 614 2801 la
628 2778 799 2808 domenegha
814 2778 846 2801 (le
861 2777 1007 2801 carnevale
1019 2795 1039 2805 ,,.

153 2828 169 2842 o
189 2821 309 2843 secondo
329 2820 393 2843 altri
415 2821 478 2843 testi
499 2818 559 2851 (ι’-.ιί,
579 2819 612 2849 ΙΙ,
635 2825 693 2851 597.
714 2819 731 2842 1.
748 2818 790 2849 11)
813 2817 881 2845 ‘fadi
897 2820 979 2851 xxiiij
995 2819 1037 2842 ‹lel

155 2864 166 2874 ‘¹
180 2869 250 2885 mese
271 2862 303 2885 de
324 2862 454 2891 febr-aro„
476 2859 679 2888 Quest'ultima
701 2861 763 2884 (latu
780 2861 885 2884 sembra
905 2868 992 2884 essere
1013 2861 1037 2884 lu

152 2902 201 2935 piu
221 2903 378 2935 probabile;
399 2903 485 2933 ant-ln·
498 2901 596 2934 perche
611 2903 630 2925 il
646 2903 796 2927 cardinale.
811 2904 935 2926 :irrivato
950 2910 963 2926 a
979 2903 1037 2926 Mo-

152 2947 223 2970 dena
244 2945 263 2968 il
284 2952 315 2967 πη
338 2946 470 2973 febbraio,
491 2945 531 2967 ivi
555 2944 567 2956 “
580 2945 659 2968 stetit
679 2944 786 2968 duobus
806 2945 903 2968 (liebus
914 2963 937 2975 Π,

1094 2653 1144 2675 :itti
1168 2651 1291 2683 pubblici
1314 2652 1407 2683 (Libra
1427 2653 1497 2675 delle
1516 2653 1656 2682 cantianae,
1678 2661 1700 2677 ar
1725 2660 1799 2685 1349.
1813 2662 1834 2678 c.
1854 2661 1879 2678 1:
1896 2655 1984 2684 Mem,

1095 2702 1116 2717 a.
1141 2701 1214 2725 1349,
1233 2694 1254 2719 Ι.
1276 2702 1301 2717 n.
1322 2699 1380 2724 541,
1400 2693 1432 2723 ΙΙ,
1456 2701 1481 2717 n.
1500 2700 1548 2725 97;
1569 2701 1592 2718 a.
1618 2700 1690 2726 1350,
1711 2696 1730 2725 Ι,
1753 2703 1799 2720 nn.
1821 2703 1861 2728 27,
1878 2702 1936 2725 220,
1951 2697 1983 2727 ΙΙ,

1094 2744 1141 2760 ιιιι.
1160 2736 1220 2764 808,
1241 2734 1304 2767 885:
1327 2739 1338 2747 *⁶
1352 2731 1470 2759 Nobilis
1479 2738 1522 2759 vir
1535 2736 1710 2761 Lanfrancus
1724 2739 1757 2761 de
1772 2739 1938 2762 Malvixinis
1951 2740 1985 2762 de

1096 2779 1108 2791 “
1120 2779 1153 2802 (le
1174 2778 1301 2802 Fontana
1323 2778 1466 2801 Placentia
1480 2778 1519 2809 „);
1541 2779 1575 2802 cf.
1596 2779 1707 2809 Vlcnv'I,
1722 2784 1762 2809 op.
1777 2781 1830 2808 cit.⁵
1846 2780 1878 2811 11,
1896 2780 1983 2813 26-27.

1182 2820 1192 2835 ⁴
1214 2820 1264 2843 Per
1284 2821 1372 2850 questi
1395 2821 1535 2843 torrcmoti
1558 2822 1578 2843 si
1602 2821 1636 2844 cs.
1658 2821 1694 2845 M.
1710 2822 1844 2852 VxLLAN1‚
1859 2822 1878 2851 I,
1892 2830 1934 2854 45,
1949 2830 1984 2846 se-

1093 2862 1183 2885 condo
1204 2862 1224 2884 il
1245 2862 1325 2891 quale
1349 2862 1387 2884 “a
1408 2861 1495 2885 Roma
1520 2862 1632 2884 feciono
1659 2864 1754 2886 cadere
1782 2864 1800 2886 il
1828 2865 1984 2896 campanile

1095 2903 1106 2915 ‘¹
1119 2903 1192 2926 della
1207 2904 1299 2926 chiesa
1313 2904 1416 2933 grande
1431 2905 1457 2926 di
1474 2904 1528 2927 San
1543 2903 1650 2935 Pagoln
1662 2912 1712 2928 con
1726 2908 1803 2936 parte
1815 2906 1886 2929 delle
1902 2906 1983 2938 logge

1097 2944 1109 2957 “
1121 2945 1149 2968 di
1164 2945 1257 2975 quella
1277 2944 1369 2968 chiesa
1379 2963 1403 2976 „.

2034 551 2107 573 Mum,

2059 1244 2077 1258 c,
2101 1239 2129 1257 82

2015 2622 2044 2647 ²5

2013 2833 2047 2858 30

2129 552 2168 575 615
