2318 3603
158 442 242 463 ἸΛευ]

279 1895 292 1920 5

932 199 1246 236 CHRONICON
1276 199 1585 236 MUTINENSE
2007 206 2057 240 [Α.
2079 207 2170 239 1341]

341 273 2148 282 ...................................................................................................................................................................................................
2150 274 2164 282 -ι

338 334 422 355 uxor
445 323 530 355 dicti
555 322 683 354 domini
709 321 887 354 Francisci
911 327 1044 354 mortua
1068 321 1134 352 fuit
1158 320 1191 351 in
1217 321 1392 352 tormentis
1416 327 1450 352 et
1473 321 1541 353 duo
1575 321 1763 362 decapitati
1796 322 1932 353 fuerunt
1964 323 2044 364 quia
2075 322 2171 354 dice-

338 378 463 409 bantur
486 381 649 407 tractasse
672 374 760 406 velle
785 374 941 415 accipere
966 374 1151 406 dominium
1177 373 1291 404 dictae
1317 373 1465 404 civitatis
1488 374 1677 405 Mediolani
1703 374 1843 406 domino
1866 374 2026 407 Luchino
2043 375 2085 406 de
2101 375 2170 406 Ve-

342 430 479 466 scontis‚
505 428 561 470 qui
584 434 665 460 ωηο
689 427 929 458 dominabatur
952 427 1064 458 eidem
1079 425 1112 457 ¹.'
1158 426 1261 457 Dicto
1286 426 1401 466 [anno]
1426 426 1481 458 die
1506 427 1614 468 primo
1638 427 1831 458 novembris
1847 427 1898 458 illi
1915 428 1957 459 de
1982 428 2104 460 Bardis
2127 428 2171 459 de

338 482 513 515 Florentia
537 480 668 522 expulsi
691 480 831 511 fuerunt
855 481 897 511 de
920 480 994 521 ipsa
1017 479 1157 511 civitate
1181 478 1378 510 Florentiae
1392 481 1413 510 ².

425 534 591 566 Dominus
615 532 758 577 §liliolus
789 533 832 564 de
864 531 1024 573 Palacolo
1057 532 1099 563 de
1124 530 1239 562 Brixia
1263 530 1419 562 Potestas
1440 531 1597 564 Mutinae
1621 532 1656 563 in
1682 532 1901 575 M.cccxxxxj
1928 534 1962 564 in
1978 534 2096 575 primis
2113 544 2171 565 sex

338 587 509 620 mensibus
522 586 542 618 ³.
589 586 690 617 Tunc
715 586 924 618 destructum
948 585 1015 616 fuit
1040 590 1185 616 castrum
1217 584 1351 615 Fanani
1384 584 1558 616 districtus
1585 585 1752 623 Mutinae,
1785 591 1889 617 totum
1921 587 2062 628 proprio
2092 587 2172 629 igne

339 641 420 672 dicti
445 639 546 672 castri
559 638 582 669 ⁴.
628 638 731 670 Dicto
756 638 870 679 [anno]
896 638 954 669 die
977 638 1093 668 martis
1116 637 1184 680 xxij
1210 637 1291 668 maii
1308 637 1440 668 nobiles
1465 638 1508 668 de
1533 638 1673 680 Corigia
1689 645 1897 679 acceperunt
1914 639 2100 670 dominium
2125 639 2172 670 ci-

337 693 450 725 vitatis
474 692 618 723 Parmae
643 691 790 723 dominis
813 691 963 722 Mastino
987 695 1021 721 et
1045 688 1189 721 Alberto
1214 689 1305 720 della
1330 689 1432 721 Scala
1456 696 1535 721 tunc
1553 690 1700 722 dominis
1716 692 1819 732 ipsius
1845 691 1992 723 civitatis
2003 691 2025 723 ⁵.
2071 692 2172 723 Tunc

338 747 395 779 die
420 745 630 777 ascensionis
653 744 789 776 Domini
813 744 952 785 incepta
976 742 1039 774 fuit
1062 753 1187 786 guerra
1210 742 1300 774 inter
1324 742 1457 774 nobiles
1481 743 1523 774 de
1549 743 1692 775 Foliano
1717 745 1770 785 [ex
1793 755 1860 775 una
1884 745 1992 786 parte]
2025 750 2059 776 et
2090 744 2174 776 alios

337 799 477 831 alterius
501 798 649 830 coloneli
673 797 787 829 dictae
812 797 933 828 domus
957 802 990 828 et
1015 795 1202 837 complices
1228 805 1303 826 cum
1329 795 1376 827 eis
1399 801 1557 827 tenentes
1573 796 1678 828 multa
1702 803 1812 829 castra
1835 798 1869 828 in
1891 797 2046 829 districtu
2069 797 2172 840 Regii

336 864 378 883 ex
395 852 503 883 altera
519 856 615 892 parte
629 849 650 881 ⁶.
691 849 736 881 Et
752 850 890 890 incepta
906 848 971 880 fuit
987 858 1110 891 guerra
1126 848 1216 879 inter
1231 847 1438 879 Mantuanos
1458 855 1490 879 et
1507 848 1725 880 Veronenses
1743 850 1800 890 [et]
1818 850 1974 881 dominos
1990 850 2175 881 Mastinum

337 911 371 937 et
394 903 574 936 Albertum
599 902 755 934 dominos
779 902 930 933 civitatis
953 900 1113 933 Veronae
1138 910 1181 931 ex
1202 910 1271 931 una
1293 906 1391 941 parte
1417 907 1450 932 et
1475 901 1630 932 dominos
1652 902 1696 933 de
1720 902 1885 944 Goncaga
1915 909 1996 934 tunc
2021 902 2175 934 dominos

337 957 486 990 civitatis
510 956 614 998 Regii
639 962 672 987 et
696 954 862 986 Mantuae
878 965 921 986 ex
937 954 1053 986 altera.
1103 954 1147 985 Et
1164 954 1370 994 inceperunt
1389 953 1473 985 dicti
1490 953 1621 984 domini
1638 954 1729 986 della
1746 955 1847 987 Scala
1867 966 2024 998 guerram
2040 955 2174 997 praefa-

339 1017 405 1042 tam
424 1016 456 1041 et
474 1020 550 1041 cum
568 1009 636 1041 suis
651 1008 812 1051 gentibus
829 1008 964 1039 iverunt
980 1007 1013 1038 in
1031 1007 1219 1038 districtum
1244 1005 1409 1038 Mantuae
1433 1016 1541 1047 prope
1565 1006 1737 1039 civitatem
1761 1008 1826 1039 tria
1849 1009 2006 1046 miliaria,
2025 1008 2175 1050 undique

338 1073 494 1106 magnam
519 1062 683 1103 praedam
706 1060 881 1092 hominum
907 1066 941 1092 et
964 1060 1146 1092 bestiarum
1165 1059 1328 1091 faciendo
1351 1065 1385 1090 et
1409 1059 1528 1090 domos
1546 1065 1579 1090 et
1595 1060 1742 1091 maxima
1756 1060 1891 1102 palacia
1907 1061 2139 1093 comburendo
2152 1059 2174 1092 ⁷.

424 1115 590 1147 Dominus
613 1112 756 1155 Ciliolus
780 1113 823 1144 de
847 1112 1009 1155 Palacolo
1034 1112 1076 1144 de
1100 1111 1216 1143 Brixia
1239 1111 1395 1143 Potestas
1417 1111 1572 1143 Mutinae
1595 1122 1658 1153 pro
1684 1113 1828 1144 dominis
1851 1113 2110 1146 Marclu’onibus
2138 1113 2175 1144 in

336 1168 553 1210 B‘1.cccmzxj
580 1166 628 1207 [in
652 1165 780 1198 ultimis
802 1175 860 1196 sex
884 1165 1080 1205 mensibus}
1127 1165 1227 1195 Tunc
1260 1164 1317 1195 die
1350 1164 1485 1196 veneris
1509 1164 1581 1208 xiiij
1615 1165 1818 1206 septembris
1843 1172 1956 1197 certae
1988 1171 2108 1209 gentes
2132 1166 2175 1197 de

336 1221 499 1253 Mantuae
523 1219 709 1251 sconfictae
734 1219 874 1250 fuerunt
897 1218 933 1249 in
951 1218 1108 1250 districtu
1124 1217 1300 1254 Verouaeg
1325 1222 1359 1248 et
1374 1223 1455 1248 tunc
1473 1218 1567 1258 capti
1585 1218 1723 1249 fuerunt
1739 1218 2024 1259 [BarJtholomeus
2040 1224 2073 1250 et
2090 1218 2175 1251 Cur-

337 1272 430 1303 sinus
454 1272 496 1302 de
522 1269 767 1302 Montecuculo
792 1275 825 1300 et
849 1268 1084 1300 Bernardinus
1108 1269 1150 1300 de
1175 1268 1298 1312 Cesso:
1324 1273 1357 1299 et
1380 1273 1461 1299 ‘cunc
1495 1268 1623 1299 domini
1655 1269 1818 1300 Mantuae
1852 1279 1928 1300 cum
1961 1269 2052 1301 mille
2080 1270 2176 1312 equi-

340 1323 429 1355 tibus
453 1328 487 1354 et
510 1330 635 1363 magno
659 1320 812 1351 exercitu
836 1320 989 1361 peditum
1014 1319 1151 1350 iverunt
1182 1329 1288 1360 usque
1312 1319 1357 1350 ad
1380 1324 1515 1359 portam
1539 1319 1700 1350 Veronae
1725 1329 1812 1361 quae
1837 1320 1927 1352 redit
1943 1331 2059 1352 versus
2075 1320 2175 1351 Man-

338 1380 438 1409 tuam,
463 1372 614 1414 undique
639 1371 675 1401 in
698 1370 854 1412 partibus
877 1370 945 1401 illis
969 1370 1089 1402 domos
1113 1376 1147 1401 et
1170 1369 1306 1411 palacia
1329 1369 1579 1406 comburentes,
1606 1375 1639 1400 et
1662 1381 1787 1413 magna
1810 1371 1918 1412 spolia
1941 1371 2092 1413 undique
2124 1371 2176 1402 fa-

336 1424 478 1460 cientes,
504 1428 622 1464 captos
645 1420 814 1453 habentes
837 1421 927 1452 ultra
950 1420 1043 1452 mille
1068 1420 1222 1452 homines
1246 1426 1280 1451 et
1304 1430 1462 1462 magnam
1481 1421 1615 1461 copiam
1633 1419 1758 1452 bovum
1775 1426 1809 1452 et
1825 1431 1991 1463 equorum
2016 1421 2175 1453 aliorum-

338 1484 404 1516 que
428 1472 626 1505 animalium
650 1472 738 1503 ultra
763 1472 830 1503 duo
854 1471 947 1503 milia
970 1470 1186 1503 disrobantes
1199 1470 1219 1502 ⁸.
1267 1471 1310 1503 Et
1328 1471 1385 1503 die
1409 1471 1525 1503 martis
1541 1482 1608 1502 mxv
1625 1471 1828 1513 septembris
1844 1472 2011 1513 possessio
2029 1472 2177 1504 civitatis

337 1525 476 1557 Luchae
501 1523 628 1554 tradita
651 1522 715 1553 fuit
741 1522 877 1553 comuni
902 1522 1097 1553 Florentiae
1120 1532 1183 1563 per
1208 1521 1383 1553 dominum
1409 1521 1590 1553 Gibertum
1615 1522 1657 1553 de
1683 1522 1826 1553 Foliano
1851 1523 1894 1554 de
1918 1522 2042 1565 Regio,
2067 1523 2176 1554 domi-

336 1586 415 1607 num
438 1575 606 1606 Bonetum
632 1573 674 1605 de
700 1572 905 1604 Malavisina
929 1573 971 1604 de
994 1572 1135 1603 Verona
1159 1578 1192 1603 et
1215 1572 1434 1614 Fregnanum
1458 1572 1501 1604 de
1527 1573 1628 1605 Sesso
1652 1573 1698 1604 ibi
1731 1573 1913 1605 existentes
1943 1584 2005 1615 pro
2037 1573 2176 1606 domino

338 1625 488 1657 Mastino
505 1630 585 1655 tunc
603 1623 742 1655 domino
756 1622 904 1654 civitatis
920 1622 1027 1664 ipsius
1040 1622 1181 1654 Luchae
1194 1621 1215 1660 ⁹,
1229 1628 1262 1654 et
1276 1622 1458 1654 fortiliciae
1476 1622 1582 1664 ipsius
1595 1623 1747 1655 civitatis
1759 1629 1793 1655 et
1807 1630 1953 1655 castrum
1966 1623 2141 1667 Augustae
2155 1622 2178 1640 ¹⁰

428 1725 449 1742 1.
462 1718 613 1742 tormentis
631 1724 700 1742 corr.
721 1716 808 1745 Mun„
833 1716 895 1746 Cn:
915 1716 1052 1741 teremoto
1071 1716 1102 1740 A.
1121 1729 1153 1733 —-
1175 1722 1197 1740 2.
1218 1716 1371 1740 Mediolani
1391 1723 1438 1740 om.
1459 1716 1535 1741 Mun.
1557 1729 1589 1733 -
1609 1724 1633 1749 3.
1659 1717 1856 1741 dominabatur
1882 1718 1975 1747 Mun.3
1996 1717 2174 1742 detinebatur

339 1762 381 1789 A..
403 1762 463 1789 Cn}
476 1761 503 1784 in
516 1759 538 1782 Α
554 1757 567 1782 ὲ
579 1759 704 1783 risultato
723 1758 754 1782 di
770 1766 822 1781 una
841 1764 939 1782 correz.
961 1771 968 1774 -
989 1764 1063 1781 anno
1083 1766 1150 1789 agg.
1171 1758 1249 1782 MUR.
1265 1771 1296 1774 —
1311 1758 1334 1782 6.
1349 1757 1456 1789 totum]
1470 1759 1497 1782 la
1511 1766 1582 1782 corr.
1596 1756 1609 1781 ἓν
1622 1766 1702 1790 sugg.
1715 1760 1750 1782 da
1764 1759 1818 1788 M.3
1838 1760 1949 1783 tantum
1967 1760 2016 1789 A.3
2035 1767 2083 1783 om.
2098 1760 2175 1785 Mun.

338 1812 351 1827 e
365 1804 410 1827 Cr.
432 1814 463 1819 —-
485 1807 507 1833 7.
528 1808 602 1825 anno
623 1808 692 1832 agg.
711 1801 799 1829 Mun.⁷
821 1801 866 1825 Cr.
886 1813 918 1817 —
938 1806 963 1831 9.
983 1806 1019 1824 ex
1037 1807 1094 1824 una
1113 1802 1191 1833 parte
1211 1798 1224 1823 ὲ
1244 1807 1310 1831 agg.
1330 1800 1383 1824 mia
1403 1813 1435 1816 —
1451 1806 1491 1824 11.
1504 1800 1594 1824 altera
1608 1798 1621 1823 ὲ
1634 1808 1702 1825 corr.
1721 1805 1825 1829 nostra3
1841 1808 1895 1825 una
1912 1801 1955 1831 A„
1967 1802 2054 1831 Mun„
2067 1802 2111 1826 Cr.
2126 1803 2176 1826 -et

340 1844 437 1869 avanti
453 1852 469 1868 a
489 1843 619 1867 dominos
639 1850 707 1874 agg.
727 1842 815 1871 Mun„
836 1854 867 1858 —
890 1847 930 1872 15.
951 1842 1070 1866 maxima
1094 1841 1136 1872 A„
1155 1841 1243 1872 Mum,
1263 1842 1324 1871 Cre,
1338 1849 1418 1873 Jorse
1438 1842 1577 1866 maxime?
1596 1856 1628 1859 —
1653 1849 1692 1874 17.
1711 1844 1741 1867 in
1762 1843 1866 1867 ultimis
1886 1850 1908 1868 s.
1927 1850 2014 1868 mens.
2033 1851 2102 1876 agg.
2123 1845 2176 1868 mia

340 1899 371 1904 —
396 1886 434 1911 18.
454 1882 682 1915 Bai-tholomeus]
696 1890 764 1907 corr.
779 1883 872 1912 Mun.;
885 1883 1049 1908 Ptolomeus
1063 1883 1142 1906 anche
1157 1884 1203 1908 Cr.
1216 1896 1249 1901 —
1266 1890 1305 1915 19.
1324 1883 1407 1908 Sesso
1426 1884 1514 1914 Mun„
1536 1883 1580 1907 Cr.
1602 1897 1632 1901 —
1654 1890 1697 1908 20.
1717 1885 1832 1915 portum
1851 1885 1916 1912 Ver.
1934 1885 1982 1915 qui
1996 1884 2068 1908 redit
2081 1892 2177 1909 versus

338 1929 388 1958 Α.;
407 1927 516 1960 portam
537 1926 601 1950 Ver.
620 1932 691 1957 quae
710 1925 788 1950 ducit
802 1931 899 1949 versus
912 1932 982 1949 corr.
995 1925 1086 1956 Mum,
1105 1925 1168 1954 Cr.‚·
1185 1933 1212 1949 se
1230 1925 1255 1949 si
1273 1926 1366 1957 voglia
1386 1932 1455 1950 corr.
1475 1925 1557 1955 redit,
1577 1926 1621 1950 che
1637 1929 1690 1956 pur
1709 1934 1757 1949 non
1777 1926 1814 1950 mr·
1829 1926 1930 1951 sembra
1947 1927 1988 1950 sia
2005 1934 2084 1951 senza
2095 1927 2177 1959 signi-

328 1971 412 2002 ficato
426 1968 558 1999 possibile,
573 1967 726 1999 preserirei
745 1967 824 1991 vadit
843 1976 860 1991 a
879 1967 957 1991 ducit
970 1970 1066 1998 troppo
1079 1967 1201 1991 moderno
1217 1981 1247 1983 —
1263 1973 1304 1991 21.
1319 1967 1445 2000 palacios
1457 1967 1490 1991 A.
1506 1980 1537 1983 —
1552 1974 1594 1992 22.
1613 1968 1758 1992 hominum
1777 1968 1809 1992 A.
1825 1982 1855 1985 —-
1872 1968 1914 1993 26.
1933 1969 1961 1992 in
1980 1969 2013 1993 A.
2032 1969 2112 1993 anche
2122 1969 2178 2002 sra

338 2012 463 2036 Mastino
483 2019 496 2033 e
514 2011 581 2034 tunc
600 2007 613 2032 ὲ
632 2009 748 2040 ripetuto
768 2009 882 2033 domino
902 2021 913 2026 -
933 2009 1062 2041 Anguste
1081 2008 1128 2038 A.;
1149 2009 1294 2040 Augustae
1314 2010 1375 2039 (ἵης
1395 2009 1522 2041 Agustae
1541 2009 1619 2034 MUR.

341 2072 411 2095 blici
434 2069 536 2101 (Alana,
556 2076 579 2092 a.
598 2075 671 2099 1340,
691 2068 711 2099 1,
728 2076 774 2092 nn.
798 2075 818 2095 1,
842 2075 897 2100 114,
916 2067 970 2099 186,
986 2067 1045 2100 306,
1060 2067 1110 2099 362
1132 2076 1145 2092 e
1165 2073 1232 2099 710:

344 2113 474 2137 “nobilis
494 2112 573 2135 miles
592 2110 771 2134 Rolandinus
791 2111 823 2134 de
843 2111 940 2139 Salis„
972 2117 988 2134 0
1011 2111 1024 2123 “
1036 2111 1068 2134 de
1091 2110 1175 2135 Sallis
1201 2111 1233 2134 de

344 2160 354 2168 *⁴
368 2156 465 2179 Brixia
479 2154 518 2185 ,,);
540 2154 575 2176 cf.
597 2153 708 2181 V101N1‚
729 2156 769 2182 op.
790 2153 842 2183 cit.y
863 2152 896 2183 Π,
921 2159 1006 2184 1²·14·

429 2196 436 2213 ¹
458 2197 497 2221 La
517 2198 639 2220 cacciata
660 2196 703 2219 del
724 2195 860 2223 Pusterla,
881 2203 898 2219 ο
918 2204 966 2227 per
993 2195 1096 2227 meglio
1121 2195 1182 2219 dire
1207 2196 1234 2219 la

283 2120 314 2137 10

342 2247 390 2264 sua
410 2239 476 2271 fuga
496 2240 530 2262 da
550 2238 659 2261 Milano
679 2238 709 2261 in
731 2235 843 2268 seguito
863 2238 919 2262 alla
940 2239 1067 2269 scoperta
1080 2237 1154 2261 della
1168 2244 1234 2261 con-

342 2284 424 2314 giura
434 2282 468 2305 da
483 2281 523 2305 lui
538 2282 686 2313 preparata
700 2278 714 2303 ὸ
728 2287 801 2304 narr.
818 2279 865 2303 dal
879 2280 959 2308 Mur„
973 2280 1050 2308 Aram,
1065 2280 1099 2303 ad
1113 2286 1146 2307 a.,
1160 2279 1234 2304 colla

343 2324 420 2347 citaz.
442 2323 516 2346 della
536 2322 596 2346 sola
611 2324 707 2345 nostra
723 2322 815 2347 fonte:
831 2322 856 2345 le
872 2322 944 2346 fonti
961 2322 1089 2345 milanesi
1104 2322 1235 2345 tacciono

342 2365 572 2390 l’avvenimento.

430 2403 441 2420 ²
462 2405 505 2429 Cf.
527 2404 560 2429 G.
580 2405 714 2434 Vnam,
736 2404 781 2431 XI,
806 2411 860 2436 119.

429 2446 440 2462 ³
461 2446 566 2474 Questa
581 2448 737 2479 podesteria
751 2445 766 2470 'e
779 2447 975 2471 documentata
990 2454 1037 2478 per
1051 2449 1126 2471 tutto
1140 2447 1235 2470 l'anno

343 2488 445 2520 (Mena,
465 2497 488 2513 a.
513 2496 585 2520 1341,
606 2488 625 2515 Ι,
647 2496 672 2511 n.
695 2494 753 2520 751,
771 2488 806 2516 11,
826 2496 851 2512 n.
871 2495 932 2520 393,
951 2495 1018 2520 453:
1042 2488 1171 2512 “nobilis
1192 2489 1235 2511 vir

348 2531 360 2544 ‘⁴
371 2530 509 2555 Gilliolus
521 2548 533 2560 ,,
557 2538 573 2554 o
596 2530 607 2542 “
620 2530 741 2554 Ziliolus
754 2548 765 2556 ,,
787 2537 804 2553 ο
827 2531 839 2542 “
853 2529 992 2554 Gilliolus
1011 2530 1043 2554 de
1063 2528 1210 2553 Pallazolo
1222 2548 1234 2560 2.

345 2581 362 2597 ο
384 2572 542 2602 “Ρ313ςοῑο
563 2573 595 2596 de
616 2572 712 2596 Brixia
724 2571 764 2602 ,,);
784 2572 818 2595 cs.
840 2572 950 2599 chim,
970 2576 1009 2602 op.
1031 2572 1083 2599 cit„
1104 2570 1135 2602 11,
1154 2577 1236 2602 14—15.

431 2613 443 2628 ⁴
457 2614 647 2638 Nessun'altra
665 2615 742 2637 fonte
756 2615 873 2645 registra
887 2616 984 2644 questo
1001 2614 1141 2643 incendio,
1157 2613 1236 2637 salvo

347 2656 366 2679 il
386 2656 506 2679 Morano
527 2656 575 2679 che
595 2656 669 2679 dice:
687 2654 843 2679 “Castrum
864 2656 970 2679 Fanani
987 2655 1162 2679 combustum
1184 2655 1237 2678 suit

349 2698 463 2721 “totum
484 2698 517 2721 de
538 2699 653 2728 proprio
684 2699 748 2728 igne
768 2699 835 2721 dicti
858 2699 941 2722 castri
952 2707 984 2727 „;
1005 2705 1056 2725 rna.
1084 2704 1196 2721 osservn
1217 2697 1236 2720 il

285 2748 314 2772 25
345 2739 510 2763 Tiraboschi
525 2738 607 2769 (Biz,
619 2739 638 2768 1,
652 2738 729 2769 2733:
747 2739 759 2751 ‘⁴
775 2741 868 2770 presto
883 2739 997 2763 dovette
1013 2739 1238 2770 risorgereidalle

347 2781 359 2792 *¹
371 2788 418 2804 sue
439 2782 545 2810 roviue,
565 2779 727 2811 perciocche
758 2781 962 2805 nell'archivio
991 2782 1099 2812 segreto
1128 2782 1236 2804 estense

347 2822 527 2846 “conservasi
550 2821 632 2846 l'atto
646 2830 697 2845 con
719 2824 761 2846 cui
779 2823 804 2846 la
819 2821 964 2846 comunitfi
978 2822 1008 2846 di
1023 2822 1147 2850 Fanano,
1162 2823 1236 2853 dopo

349 2864 360 2875 ¹⁴
374 2864 400 2887 la
414 2866 502 2886 morte
516 2863 559 2887 del
581 2864 719 2887 marr-hese
739 2863 845 2888 Obizzo
859 2863 960 2890 d'Este.
975 2864 998 2888 a*
1013 2871 1041 2887 21
1060 2864 1177 2895 d’aprile
1191 2864 1235 2887 del

351 2906 451 2936 t‘1352.
474 2904 575 2929 mando
601 2906 725 2936 deputati
758 2906 782 2929 al
810 2906 948 2930 mnrchese
974 2905 1192 2930 Aldobrandino
1221 2915 1235 2930 a

288 2953 321 2978 30
352 2947 363 2959 “
376 2947 465 2978 dargli
487 2947 512 2971 la
533 2955 670 2979 consegna
690 2948 733 2971 del
755 2955 804 2972 suo
825 2948 940 2972 castello
951 2966 974 2978 ,,.

282 2330 312 2355 ις

282 2541 316 2559 20

1378 2067 1388 2083 ⁵
1408 2068 1430 2092 Il
1454 2070 1525 2093 fatto
1546 2069 1573 2092 di
1594 2069 1692 2093 Parma
1719 2071 1843 2099 accadde,
1867 2071 1987 2094 secondo
2007 2071 2077 2094 altre
2098 2071 2180 2099 sonti,

1290 2111 1310 2134 il
1333 2118 1361 2134 21
1385 2113 1496 2142 maggio
1516 2110 1590 2142 (Chr.
1612 2112 1678 2142 Est„
1701 2118 1768 2143 404;
1792 2113 1850 2136 Chr.
1867 2114 1975 2144 reg.‚in
1989 2114 2052 2137 RR.
2070 2114 2107 2137 ll.
2122 2114 2180 2141 SS.‚

1290 2152 1390 2182 XVIII,
1411 2158 1462 2185 57;
1481 2153 1516 2176 cs.
1536 2151 1627 2178 AFFt'),
1650 2154 1688 2177 St.
1709 2155 1780 2177 della
1801 2154 1866 2178 cittiz
1886 2155 2095 2183 d1'Parma‚IV.
2109 2154 2179 2186 319).

1376 2194 1386 2210 ὓ
1406 2195 1443 2219 Le
1463 2196 1603 2219 discordie
1624 2198 1665 2220 tra
1687 2198 1693 2219 i
1716 2198 1773 2220 vari
1796 2198 1864 2220 rami
1886 2197 1928 2220 dei
1951 2198 2058 2228 signori
2079 2198 2113 2221 da
2132 2197 2182 2221 Fo-

1288 2238 1386 2269 gliano
1401 2245 1485 2261 erano
1500 2240 1563 2261 nate
1578 2245 1625 2269 per
1641 2239 1659 2261 il
1676 2245 1804 2270 possesso
1818 2239 1862 2262 del
1878 2239 1961 2262 feudo
1975 2239 2002 2262 di
2025 2239 2181 2271 Car-pineto

1290 2280 1352 2302 sino
1373 2279 1417 2303 dal
1442 2285 1515 2310 13²0·
1538 2281 1565 2302 in
1587 2281 1629 2303 cui
1651 2287 1708 2303 uno
1728 2280 1770 2303 dei
1794 2281 1861 2303 rami
1878 2288 1894 2303 0
1911 2280 2114 2311 “colonnelli„
2136 2288 2181 2304 era

1290 2322 1406 2344 ascritto
1427 2321 1483 2344 alla
1502 2324 1580 2353 parte
1600 2321 1757 2352 ghibellina
1779 2322 1941 2345 favorevole
1961 2329 1975 2346 a
1993 2321 2140 2346 Ludovico
2161 2322 2180 2346 il

1290 2363 1399 2387 Bavaro
1420 2371 1432 2386 e
1454 2371 1489 2387 un
1513 2364 1585 2387 altro
1606 2365 1702 2387 invece
1729 2365 1843 2395 seguiva
1869 2364 1896 2387 la
1916 2366 1993 2395 parte
2013 2364 2106 2395 guelsa
2127 2364 2182 2388 fau-

1290 2406 1359 2428 trice
1379 2406 1406 2428 di
1429 2404 1562 2428 Federico
1582 2405 1651 2429 duca
1671 2405 1834 2433 d’Austria;
1862 2406 1883 2428 si
1905 2405 1940 2428 cf.
1967 2405 2080 2433 Tuum„
2100 2406 2180 2429 Mem.

1289 2450 1330 2475 st.‚
1352 2446 1372 2474 Ι,
1396 2445 1451 2475 168,
1475 2453 1524 2478 170
1543 2455 1556 2470 e
1576 2446 1622 2473 ΙΙΙ,
1643 2455 1658 2477 4
1678 2454 1734 2478 sgg.

1377 2486 1387 2502 ⁷
1402 2488 1439 2511 Su
1453 2491 1548 2519 questa
1563 2495 1661 2519 guerra
1676 2490 1698 2511 si
1716 2489 1784 2512 veda
1798 2487 1831 2512 G.
1846 2489 1982 2517 Υιῐ-ΙᾼΝΙ,
1999 2490 2052 2518 Cr.‚
2066 2488 2111 2518 XI,
2134 2495 2181 2520 129

1290 2537 1303 2553 e
1324 2537 1380 2561 sgg.

1377 2569 1387 2585 S
1408 2571 1452 2595 Cf.
1473 2570 1506 2595 G.
1528 2572 1662 2599 VILLANx,
1686 2573 1739 2601 Cr„
1759 2572 1804 2597 XI.
1828 2579 1882 2603 ¹33-

1377 2611 1388 2627 ⁹
1402 2614 1453 2637 Dei
1470 2615 1644 2644 procuratori
1661 2615 1706 2644 qui
1724 2615 1871 2643 nominati,
1886 2614 1934 2637 che
1948 2621 2032 2638 erano
2049 2615 2076 2638 111
2093 2614 2182 2638 Lucca

1290 2662 1338 2687 per
1358 2655 1482 2679 Mastino
1502 2656 1575 2679 della
1595 2656 1683 2685 Scala,
1705 2655 1821 2679 Giberto
1836 2656 1870 2679 da
1890 2655 2028 2687 Fogliano
2051 2656 2078 2680 fu
2099 2664 2182 2680 uomo

1290 2697 1317 2720 di
1332 2698 1390 2721 vita
1405 2700 1599 2723 avventurosa,
1613 2700 1723 2721 narrata
1738 2697 1782 2721 dal
1798 2697 1965 2721 Tiraboschi
1979 2697 2093 2728 (Diz..1‚
2104 2697 2182 2728 302):

1291 2739 1339 2761 che
1359 2739 1414 2769 egli
1432 2739 1504 2762 fosse
1519 2740 1650 2770 capitano
1666 2739 1696 2762 in
1711 2739 1801 2762 Lucca
1816 2746 1863 2769 per
1878 2738 2002 2762 Mastino
2016 2739 2090 2762 della
2103 2738 2182 2763 Scala

1292 2788 1347 2803 non
1369 2781 1468 2804 risulta
1490 2779 1556 2811 pei-(¹)
1576 2781 1652 2804 dalla
1672 2781 1741 2804 serie
1761 2780 1835 2811 degli
1864 2780 1977 2803 ufficiali
2006 2781 2124 2804 lucchesi
2153 2782 2181 2804 in

1292 2821 1396 2849 ΒοΝοιι,
1424 2822 1578 2845 lnveutario
1605 2823 1650 2845 del
1670 2823 1703 2845 R.
1725 2822 1803 2845 Arch.
1825 2822 1854 2844 di
1873 2822 1950 2845 Stato
1975 2822 2000 2844 in
2028 2822 2123 2847 Lucca.
2150 2822 2182 2850 ΙΙ,

1291 2862 1342 2893 306
1361 2872 1374 2886 e
1395 2871 1467 2894 sgg.;
1490 2864 1639 2894 Fregnano
1660 2864 1694 2887 da
1713 2863 1794 2887 Sesso
1816 2861 1887 2886 mori
1910 2864 1952 2887 nel
1975 2862 2048 2894 1362,
2069 2863 2105 2887 cf.
2122 2864 2181 2887 Chr.

1299 2906 1439 2929 Veronense
1461 2907 1489 2929 in
1512 2907 1574 2929 HR.
1600 2907 1635 2929 ll.
1648 2906 1707 2936 SS„
1727 2905 1800 2929 VIII.
1819 2905 1879 2936 652.

1363 2946 1383 2962 ¹⁰
1404 2948 1424 2971 Il
1447 2948 1563 2971 castello
1585 2949 1611 2971 di
1628 2948 1755 2979 Augusta
1769 2949 1836 2971 deve
1850 2955 1937 2971 essere
1951 2948 2044 2978 quello
2059 2949 2085 2971 di
2108 2948 2181 2979 Ago·

2201 798 2238 828 10

2203 1060 2236 1091 l.

2200 1575 2219 1605 2

2222 1069 2238 1090 ³

2224 1573 2240 1604 5

2209 2250 2240 2277 35

2209 2459 2243 2484 40

2210 2665 2241 2691 45

2213 2879 2244 2895 Ὀ

2211 2892 2222 2908 ,Ἰ
