2318 3603
263 2057 275 2081 5

266 2280 297 2296 10

264 2764 297 2781 20

263 2975 294 2999 ἲ5

918 232 1247 268 CHRONICON
1275 234 1590 270 MUTINENSE
1873 240 1956 275 [ΑΛ.
1980 241 2169 273 13584359]

325 306 2153 316 .......................................................................................................................................................................................................

325 354 367 384 de
393 353 604 391 Mirandula,
628 354 719 388 data.
745 354 868 387 tradita
884 361 917 387 et
933 355 1091 387 restituta
1107 355 1272 396 [fuerunt]
1290 355 1429 387 domino
1446 357 1642 389 Marchioni
1659 363 1692 388 et
1711 357 1848 388 comuni
1873 356 2039 393 Mutinae,
2065 357 2166 388 certis

323 406 587 438 condicionibus
611 406 738 438 habitis
763 408 851 439 inter
873 418 941 439 eos.
988 408 1121 440 Eodem
1146 408 1326 440 millesimo
1345 408 1402 440 die
1419 410 1487 453 xxij
1507 409 1711 451 septembris
1737 409 1893 441 dominus
1917 409 2073 441 Marchio
2090 420 2165 441 cum

322 458 487 490 nobilium
511 459 570 500 [et]
592 459 921 501 stipendi[ari]orum
952 461 1099 492 maxima
1117 460 1278 493 comitiva
1302 461 1488 502 applicavit
1512 473 1630 494 versus
1662 461 1898 494 Mediolanum
1923 473 2000 494 suos
2023 472 2166 504 gressu5‚

323 520 398 542 cum
417 512 562 543 dominis
580 512 694 544 dictae
718 512 866 544 civitatis
889 513 1192 555 imparentaturus;
1217 520 1250 545 et
1273 513 1338 555 ipsi
1364 514 1495 545 domini
1521 515 1709 547 honorifice
1744 526 1819 545 eum
1853 521 2056 556 receperunt
2089 524 2165 545 cum

322 563 448 605 gaudio
462 570 495 595 et
508 565 660 606 tripudio
675 565 775 597 valde
788 575 913 608 magno
924 565 950 602 ¹3
975 564 1025 582 *²²*
1043 572 1277 597 torneamenta
1294 572 1327 597 et
1344 566 1503 597 astiludia
1519 566 1567 598 ibi
1584 567 1677 598 facta
1695 573 1728 598 et
1746 567 1858 598 eidem
1876 567 1944 598 filio
1962 567 2046 598 fecit
2063 566 2167 597 dona-

323 616 392 647 tiva
409 618 510 649 valde
528 628 661 660 magna,
679 624 712 649 et
729 618 852 660 elapsis
870 624 948 650 octo
964 619 1086 650 diebus
1103 618 1157 650 vel
1174 618 1269 650 circa
1285 619 1329 650 ad
1345 619 1486 660 propria
1503 620 1675 651 remeavit.
1723 619 1727 632 '
1742 620 1825 651 Item
1843 620 1964 651 eodem
1989 618 2167 650 millesimo

322 671 378 702 die
405 670 523 712 xxviiij
552 670 756 711 septembris
782 677 930 703 castrum
958 671 1220 714 Campigaliani,
1249 671 1341 713 quod
1370 671 1509 703 domino
1538 672 1693 704 Galassio
1723 674 1765 704 de
1790 672 1860 704 Piis
1883 672 2071 704 subiectum
2097 676 2169 701 erat

322 724 365 755 ad
391 724 663 761 custodiendum,
688 725 854 756 munitum
878 724 968 765 [fuit]
993 735 1055 765 per
1078 730 1199 766 gentes
1223 724 1378 756 Mutinae
1403 730 1436 756 et
1460 725 1590 756 domini
1608 725 1829 763 Marchionis,
1844 725 1973 767 absque
1992 724 2083 756 omni
2107 733 2167 764 op-

322 777 509 818 posicione.
558 776 601 808 Et
616 783 695 808 tunc
710 777 804 808 cives
820 777 975 809 Mutinae
993 777 1175 809 extrinseci
1193 777 1306 808 redire
1325 783 1491 818 ceperunt
1506 783 1539 808 et
1557 778 1747 819 cancellata
1764 779 1904 810 fuerunt
1922 777 2035 808 omnia
2055 776 2168 807 banna

322 841 381 861 sua
405 836 437 861 et
460 830 601 861 fuerunt
625 830 769 862 restituti
794 830 829 861 in
854 829 1010 862 omnibus
1034 829 1134 862 bonis
1157 829 1241 861 suis:
1268 840 1335 861 non
1354 829 1490 870 tam[en]
1515 830 1689 862 redierunt
1714 831 1845 862 nobiles
1869 831 1912 861 de
1937 830 2060 866 Fredo,
2089 828 2168 870 quia

321 888 433 914 castra
448 882 563 924 aliqua
580 893 646 914 non
664 882 848 920 habebant,
867 893 929 914 nec
948 882 1051 914 etiam
1062 882 1240 914 redierunt
1253 882 1431 923 Capitanei
1446 883 1489 914 de
1504 884 1685 925 Fregnano
1699 883 1832 915 scilicet
1846 883 1889 915 de
1903 883 2023 914 Monte
2037 881 2169 913 Cuculo

321 946 395 966 cum
421 935 625 976 sequacibus
648 946 773 967 eorum.
821 936 1027 977 Supradicto
1044 935 1224 967 millesimo
1249 935 1304 967 die
1333 935 1451 967 martis
1467 935 1547 977 xxiij
1567 936 1716 967 octobris
1730 936 1885 967 dominus
1902 935 2060 967 Marchio
2078 933 2170 965 venit

322 988 488 1019 Mutinam
514 988 731 1019 ordinaturus
754 988 796 1019 de
822 988 987 1031 regimine
1013 988 1161 1020 civitatis
1185 988 1366 1029 quaedam,
1385 988 1479 1028 quod
1495 994 1568 1019 erat
1584 988 1720 1029 penitus
1737 988 2018 1028 [de]ordinatum;
2037 993 2070 1018 et
2094 990 2170 1027 post

322 1051 396 1071 eum
424 1047 590 1072 venerunt
615 1041 683 1073 duo
709 1052 751 1072 ex
775 1041 852 1072 filiis
878 1040 1002 1072 nobilis
1025 1040 1090 1072 viri
1115 1040 1245 1072 domini
1271 1040 1419 1072 Galassii
1444 1041 1486 1072 de
1512 1040 1583 1071 Piis
1607 1040 1744 1072 militari
1779 1041 1916 1083 cingulo
1941 1038 2106 1075 decorati,
2135 1043 2169 1068 et

321 1099 397 1134 post
422 1104 479 1125 eos
496 1094 587 1125 venit
604 1094 762 1125 dominus
779 1094 953 1125 Galassius
969 1093 1198 1134 an[te]dictus.
1245 1093 1425 1124 Venerunt
1443 1093 1543 1124 etiam
1561 1099 1640 1124 tunc
1658 1093 1813 1124 Mutinae
1832 1093 1963 1124 nobiles
1981 1093 2022 1124 de
2040 1091 2169 1123 Miran-

322 1146 403 1177 dula
425 1152 459 1177 et
483 1146 626 1178 comites
651 1147 693 1178 de
718 1146 863 1178 Gomola
885 1152 919 1178 et
942 1146 1038 1178 multi
1061 1146 1120 1177 alii
1145 1156 1282 1187 quoque
1307 1145 1440 1177 nobiles
1458 1144 1612 1177 Mutinae
1631 1146 1815 1178 redierunt.
1862 1146 1963 1178 Dicto
1988 1144 2167 1176 millesimo

321 1200 364 1230 de
382 1209 497 1231 mense
516 1199 710 1231 novembris
734 1199 876 1231 bandita
900 1199 965 1231 fuit
990 1200 1159 1241 quaedam
1176 1204 1314 1230 moneta
1330 1208 1418 1240 quae
1435 1209 1498 1240 per
1514 1198 1645 1240 aliquos
1662 1199 1727 1230 fuit
1745 1198 1936 1235 falsificata,
1954 1197 2166 1240 probacione

322 1253 415 1284 facta
439 1263 500 1294 per
517 1253 667 1284 artifices
691 1253 869 1295 magistros
893 1253 986 1295 quod
1010 1252 1227 1293 [bononinus]
1251 1262 1354 1283 unum
1378 1252 1565 1293 aquilinum
1582 1257 1715 1293 poterat
1732 1252 1848 1283 valere
1867 1259 1900 1284 et
1925 1252 2014 1287 dari:
2041 1257 2074 1282 et
2097 1251 2165 1281 hoc

321 1306 386 1337 fuit
403 1316 562 1348 magnum
589 1307 740 1347 dapnum
764 1306 879 1338 multis
903 1306 946 1337 de
969 1306 1098 1347 populo
1122 1305 1288 1341 Mutinae,
1307 1305 1388 1346 quia
1412 1316 1454 1337 ex
1473 1305 1524 1336 eis
1540 1315 1697 1347 magnam
1714 1305 1849 1346 copiam
1873 1304 2096 1346 possidebant
2104 1315 2113 1340 ;
2131 1308 2165 1334 et

321 1360 385 1391 hoc
411 1359 500 1390 idern
519 1359 585 1390 fuit
609 1359 644 1389 in
669 1358 808 1390 civitate
833 1359 992 1391 Ferariae
1017 1365 1050 1390 et
1073 1358 1181 1400 Regii
1204 1364 1239 1389 et
1263 1356 1418 1395 Parmae,
1437 1364 1470 1389 et
1488 1357 1691 1399 inceperunt
1715 1358 1869 1389 homines
1895 1357 2089 1399 expendere
2107 1355 2168 1388 bo-

320 1411 468 1443 noninos
491 1421 617 1452 parvos
640 1421 733 1443 more
758 1411 857 1443 solito
882 1411 926 1442 ab
950 1411 1100 1453 antiquo.

410 1463 513 1496 Anno
537 1464 675 1496 Domini
698 1464 896 1506 M.ccclviiij
923 1464 1098 1496 indicione
1122 1464 1168 1507 xij
1194 1464 1249 1496 die
1274 1464 1385 1495 sabati
1410 1476 1431 1494 v
1455 1464 1599 1495 ianuarii
1625 1464 1782 1495 dominus
1811 1464 1985 1495 Gerardus
2017 1463 2060 1495 de
2085 1463 2170 1494 Bor-

322 1517 421 1549 donis
446 1518 489 1549 de
513 1517 689 1549 Florentia
714 1523 746 1548 et
771 1517 928 1549 dominus
951 1517 1155 1560 Raynaldus
1179 1518 1222 1549 de
1247 1516 1452 1559 Bolgarellis
1476 1516 1519 1548 de
1545 1517 1661 1553 Imola,
1686 1516 1841 1548 Potestas
1873 1516 2001 1558 primus
2025 1522 2060 1547 et
2083 1515 2169 1546 alius

322 1570 533 1612 Capitaneus
548 1570 706 1602 Mutinae
723 1581 786 1612 pro
804 1570 942 1602 domino
958 1570 1162 1602 Marchione
1181 1570 1307 1602 estensi
1326 1570 1465 1601 domino
1483 1570 1632 1602 civitatis
1648 1570 1804 1602 Mutinae
1817 1569 1840 1607 ²,
1857 1576 1891 1601 et
1907 1570 1982 1611 ipso
2001 1569 2058 1601 die
2083 1569 2168 1600 hora

320 1624 501 1655 terciarum
526 1623 561 1654 in
585 1634 646 1655 suo
664 1623 831 1666 regimine
849 1623 1074 1660 intraverunt,
1091 1629 1124 1655 et
1141 1630 1222 1655 tunc
1239 1623 1380 1655 recessit
1398 1622 1556 1654 dominus
1573 1623 1746 1665 Ricardus
1763 1623 1806 1654 de
1822 1622 2034 1664 Canceleriis
2051 1622 2094 1653 de
2111 1620 2168 1652 Pi-

319 1676 424 1708 storio
438 1676 495 1718 qui
510 1675 623 1708 locum
639 1676 823 1718 Capitanei
839 1682 874 1708 et
888 1676 1071 1708 Potestatis
1082 1676 1117 1707 in
1131 1676 1225 1708 dicta
1237 1676 1375 1708 civitate
1389 1675 1571 1716 [tenuerat]
1588 1675 1650 1718 iiij.
1668 1676 1766 1706 annis
1783 1682 1815 1707 et
1832 1685 1891 1706 sex
1908 1674 2079 1706 mensibus
2097 1673 2167 1714 [ab-

321 1729 417 1771 sque]
434 1728 514 1770 xxij.
530 1728 679 1766 diebus³‚
704 1729 762 1770 qui
776 1729 871 1760 dives
887 1729 998 1761 factus
1012 1729 1076 1761 fuit
1088 1735 1231 1770 propter
1243 1729 1362 1771 [quod]
1379 1729 1508 1760 dictum
1524 1728 1672 1760 officium
1686 1728 1848 1760 introivit.
1874 1728 1976 1760 Dicto
1989 1727 2168 1759 millesimo

412 1883 434 1900 1.
453 1876 569 1900 fuerunt
589 1883 656 1908 agg.
672 1875 761 1905 Μυκ.,
777 1876 820 1900 Cr.
837 1887 869 1893 ·-
883 1881 908 1906 3.
927 1875 955 1898 et
974 1882 1043 1906 agg.
1062 1873 1151 1904 MUR„
1173 1873 1220 1898 Cr.
1240 1886 1250 1891 -
1271 1880 1344 1898 max.
1358 1873 1497 1898 comitiva
1509 1880 1579 1898 corr.
1594 1874 1681 1902 Mun..
1704 1873 1764 1901 Cr.;
1786 1879 1860 1897 max.
1880 1874 1907 1896 et
1927 1873 2063 1897 continua
2082 1871 2115 1895 A.
2136 1884 2167 1888 —

324 1928 346 1951 4.
367 1919 482 1944 domino
503 1920 591 1949 Mum,
613 1920 657 1944 Cr.
671 1931 682 1937 -
696 1920 932 1951 imparentaturus
945 1918 985 1950 et]
999 1918 1255 1950 perlamentaturus
1268 1924 1327 1941 esse
1346 1918 1374 1941 et
1392 1918 1440 1946 Aa.
1456 1917 1710 1950 parlameutaturus
1729 1919 1757 1941 et
1776 1917 1864 1946 Mun..
1887 1918 1948 1941 Cn:
1968 1917 1992 1940 il
2006 1920 2073 1940 testo
2091 1916 2137 1946 qui
2155 1915 2170 1938 ἑ·

321 1968 448 1992 corrono,
468 1962 511 1988 ehi·
530 1971 579 1987 non
597 1965 623 1988 si
640 1967 767 1988 trattava
786 1963 816 1986 di
835 1963 1014 1996 parlamento
1038 1970 1081 1986 ma
1107 1962 1136 1985 di
1160 1962 1329 1994 parentatio:
1351 1961 1558 1985 Aldrovandino
1577 1961 1683 1985 doveva
1703 1968 1787 1984 essere
1806 1968 1854 1984 uno
1873 1960 1916 1984 dei
1937 1963 1978 1983 tre
1991 1960 2108 1992 patlrini
2125 1959 2170 1982 del

313 2009 443 2040 figliuolo
455 2011 517 2033 nato
531 2009 619 2032 allora
633 2016 649 2031 a
664 2006 784 2031 Βενηιιύὸ
798 2007 837 2037 (v.
849 2010 911 2030 nota
924 2006 951 2036 ι)
966 2019 977 2024 -
990 2007 1050 2040 ipse
1063 2006 1194 2030 dominus
1214 2005 1302 2035 Μυκ.,
1318 2006 1363 2030 Cr.
1377 2017 1387 2023 -
1401 2007 1506 2038 recepit
1526 2006 1613 2035 Μυκ.,
1634 2006 1680 2030 Cr.
1696 2018 1727 2021 ——
1744 2011 1767 2035 5.
1785 2004 1862 2028 facta
1880 2006 1945 2029 sunt
1965 2006 1992 2028 et
2012 2004 2089 2028 Μυκ.
2110 2015 2121 2020 -
2140 2005 2169 2027 et

324 2051 384 2083 ipse
403 2051 494 2075 eidem
513 2050 600 2079 Mun„
624 2051 669 2075 Cr.
684 2062 715 2067 -—
730 2050 754 2074 S.
774 2049 830 2073 fuit
849 2057 916 2081 agg.
937 2049 1025 2078 Mun..
1047 2050 1093 2073 Cr.
1106 2061 1138 2065 —
1154 2048 1209 2079 8-9.
1223 2048 1325 2079 absque
1345 2049 1422 2071 omni
1443 2046 1638 2079 opposicione]
1660 2046 1693 2071 de
1713 2046 1844 2070 omnibus
1864 2046 2040 2077 oposicionis
2059 2045 2107 2072 A.;
2132 2045 2166 2070 de

320 2095 452 2118 omnibus
467 2094 637 2126 opportunis
652 2094 746 2123 Μυκ.;
765 2093 799 2117 de
822 2092 952 2117 omnibus
971 2092 1165 2125 opposicionis
1186 2091 1232 2116 Cr.
1253 2104 1286 2108 —
1305 2098 1330 2122 9.
1344 2091 1451 2122 banna]
1466 2091 1540 2115 bona
1558 2091 1602 2115 A..
1624 2091 1711 2117 Μυκη
1734 2091 1779 2115 Cr.
1793 2102 1822 2106 —
1840 2097 1879 2114 10.
1893 2091 1985 2113 tamen
2001 2089 2087 2119 Mun„
2103 2090 2148 2114 Cr.
2164 2101 2174 2106 -

322 2139 422 2162 Friedo
436 2139 468 2163 Α.
483 2152 493 2156 -
507 2137 585 2169 quia]
606 2138 655 2169 qui
668 2137 756 2167 Mun„
779 2138 828 2161 Cr.
850 2149 882 2153 -—-
900 2144 939 2160 11.
955 2135 1116 2168 Capitanei]
1132 2135 1246 2159 Nobiles
1261 2135 1339 2159 Mna.
1356 2149 1385 2152 —
1405 2141 1444 2159 12.
1458 2135 1546 2166 xan]
1568 2141 1600 2158 22
1619 2136 1662 2163 A„
1688 2135 1776 2163 Mun„
1805 2135 1865 2159 Cn:
1892 2135 1916 2158 il
1933 2141 1967 2158 22
1985 2133 2086 2158 ottobre
2105 2133 2173 2164 1358

317 2184 354 2215 su
373 2182 461 2207 luned'z
479 2196 511 2200 -
536 2189 574 2213 13.
593 2181 680 2213 quod]
701 2183 748 2212 qui
768 2181 817 2211 A.3
843 2188 913 2212 quae
932 2180 1019 2209 Mun„
1043 2181 1088 2205 Cr.
1110 2192 1120 2196 -
1139 2186 1202 2210 pen.
1223 2179 1357 2203 ordinatii
1376 2180 1418 2209 A„
1445 2188 1485 2203 ma
1505 2180 1529 2203 lc
1548 2180 1640 2203 ultime
1652 2180 1749 2203 lettere
1768 2186 1817 2202 non
1836 2186 1896 2202 sona
1915 2178 1960 2201 ben
1980 2178 2085 2206 chiar03
2108 2184 2170 2209 pen.

322 2228 505 2252 ordinaturus
525 2226 612 2255 Mun..
634 2227 679 2251 Cr.
700 2240 730 2243 —
755 2226 796 2250 18.
815 2224 894 2249 artis.
920 2225 949 2247 in
969 2231 1051 2256 agros
1075 2222 1160 2255 [orig.
1179 2222 1256 2247 artis.
1278 2224 1431 2255 mag‘ros?]
1451 2226 1486 2255 90
1505 2225 1547 2247 cis
1576 2231 1659 2247 unum
1688 2224 1736 2249 Α.;
1763 2222 1842 2248 artis.
1867 2229 1956 2254 neque
1982 2223 2056 2246 enim
2085 2228 2169 2245 unum

324 2273 412 2301 Mun„
434 2273 479 2296 Cr.
498 2284 508 2289 -
527 2271 691 2295 bononinus
710 2277 759 2294 om.
779 2270 859 2293 anche
878 2269 965 2299 Mun.⁷
987 2269 1032 2293 Cr.
1046 2281 1057 2285 -
1071 2270 1099 2292 et
1112 2267 1175 2292 dari
1194 2275 1242 2291 om.
1266 2268 1354 2297 Μυκ.,
1375 2269 1421 2293 Cr.
1442 2282 1473 2284 —
1495 2274 1537 2292 22.
1556 2274 1599 2299 111]
1618 2276 1686 2293 corr.
1709 2269 1801 2295 Μυκ.;
1816 2267 1967 2291 undecima
1981 2267 2023 2295 A„
2038 2267 2085 2291 Cr.
2099 2278 2109 2283 -
2124 2272 2168 2289 sa-

321 2317 381 2341 bati
395 2316 410 2340 6
424 2315 497 2340 iunii
516 2315 560 2345 A„
580 2315 666 2343 Μυκ.,
689 2315 749 2344 Cr.;
769 2321 813 2337 ma
831 2313 943 2338 l'errore
963 2313 1007 2336 del
1023 2320 1090 2337 mese
1108 2310 1121 2335 ἐ
1134 2312 1276 2346 mamfesto
1295 2311 1344 2344 (cf.
1363 2315 1424 2336 ποίει
1437 2311 1462 2343 2)
1477 2320 1490 2335 e
1502 2313 1527 2337 il
1536 2313 1626 2344 primo
1645 2312 1738 2337 sabato
1751 2312 1950 2344 digennaiosu
1968 2311 1992 2334 il
2003 2319 2018 2338 5
2031 2323 2064 2327 —
2079 2315 2168 2340 22-23.

324 2361 473 2393 Bordonis]
489 2360 588 2384 Bardis
606 2360 648 2388 A„
668 2359 757 2388 Mun„
778 2359 838 2387 Cr.3
860 2358 884 2382 il
900 2364 972 2382 nome
992 2356 1005 2381 ὲ
1023 2360 1137 2381 corretto
1156 2357 1225 2381 colla
1244 2360 1332 2381 scorta
1351 2357 1396 2379 det*
1413 2358 1492 2381 Mem.
1514 2357 1590 2388 (vadi
1608 2362 1669 2381 nota
1682 2357 1710 2388 2)
1729 2370 1760 2373 —
1777 2362 1818 2388 23.
1837 2355 2004 2387 Bulgareuis
2017 2355 2105 2385 MUR„
2121 2356 2165 2379 Cr.

323 2418 354 2422 —
370 2412 410 2436 24.
424 2407 451 2428 et
466 2412 514 2428 om.
528 2405 616 2432 Μυκη
639 2404 684 2428 Cr.
707 2417 735 2419 —
759 2402 800 2425 26.
819 2403 951 2426 tenuerat
971 2409 1037 2432 agg.
1057 2401 1147 2430 MUR„
1170 2401 1215 2425 Cr.
1235 2409 1277 2423 ma
1289 2400 1355 2431 dopo
1374 2399 1473 2424 diebus
1489 2414 1519 2419 ——
1535 2400 1625 2432 26-27.
1646 2408 1731 2425 mens.
1751 2400 1853 2431 absque
1867 2398 1942 2430 xxxj]
1958 2405 2044 2423 mens.
2068 2405 2096 2422 12
2117 2398 2164 2428 Ac,

322 2457 407 2474 mens.
426 2450 453 2472 et
477 2455 505 2473 12
520 2449 606 2477 Μυκη
628 2448 687 2472 Cr.;
711 2447 747 2474 cf.
768 2450 858 2476 uota3
872 2458 904 2463 --
919 2450 960 2475 27.
974 2444 1022 2476 qui
1036 2444 1116 2468 dives
1138 2443 1230 2468 factus
1248 2445 1294 2475 qui
1314 2445 1430 2476 propter
1450 2445 1476 2468 d.
1497 2451 1523 2468 ο.
1543 2445 1675 2469 introivit
1694 2444 1740 2472 A.;
1761 2444 1840 2468 dives
1858 2443 1951 2467 factus
1971 2444 2085 2475 propter
2098 2442 2124 2466 d.
2138 2449 2164 2467 o.

324 2494 411 2522 Μικ.,
433 2494 478 2518 Cr.

414 2588 420 2603 ¹
442 2587 496 2615 Qui
519 2588 583 2611 cade
604 2589 771 2610 certamcnte
791 2593 845 2610 una
865 2585 975 2614 lacuna,
995 2584 1108 2608 difficile
1122 2591 1136 2607 a
1153 2584 1219 2607 inte-

326 2632 414 2663 grarsi
436 2639 483 2662 per
503 2626 747 2661 congetturazffma
769 2628 788 2651 il
810 2635 890 2652 senso
911 2628 1018 2651 doveva
1032 2633 1120 2650 essere
1134 2626 1183 2649 che
1197 2626 1218 2649 il

326 2674 464 2697 marrhese
484 2673 576 2696 d‘Este
599 2673 626 2695 su
647 2680 702 2695 uno
723 2672 765 2695 dei
788 2671 899 2702 padrini
921 2670 964 2693 del
988 2669 1066 2701 figlio
1088 2671 1154 2692 nato
1181 2668 1217 2691 al-

326 2716 385 2740 1013
406 2724 419 2739 a
441 2712 584 2739 Bernabo:
605 2721 681 2737 come
702 2713 802 2736 risulta
822 2712 974 2736 manifesto
994 2711 1039 2735 dal
1066 2711 1218 2734 confronto

325 2758 368 2781 col
392 2759 451 2781 Chr.
468 2758 534 2786 Est„
551 2755 608 2786 484.
648 2756 731 2778 Forsc
752 2755 839 2778 anche
858 2761 942 2778 erano
958 2755 1107 2777 accennate
1121 2753 1147 2777 le
1160 2759 1221 2785 pra·

326 2801 398 2823 tiche
419 2807 466 2830 per
482 2799 500 2822 il
516 2800 635 2821 trattato
656 2798 683 2821 di
699 2798 760 2828 lega
775 2797 904 2829 speciale⁷
919 2796 968 2819 che
982 2796 1012 2819 su
1027 2795 1161 2819 concluso
1176 2797 1219 2818 tra

327 2843 345 2865 il
367 2842 507 2866 Marchese
527 2849 540 2864 e
562 2841 582 2864 il
603 2841 733 2864 Visconti
756 2840 775 2862 il
797 2840 888 2870 primo
910 2838 1059 2862 novembre
1086 2840 1218 2868 seguente

324 2884 425 2915 (Mine,
444 2884 505 2907 Ant.
527 2884 594 2909 Est..
614 2882 648 2911 11,
671 2881 802 2913 133-135).

413 2924 423 2940 2
435 2926 473 2950 La
485 2926 643 2957 podesteria
657 2925 701 2948 del
716 2925 839 2948 Bordoni
855 2921 925 2947 duro
940 2924 980 2947 tre
995 2923 1072 2950 anni,
1086 2921 1132 2945 dal
1151 2928 1218 2953 gen-

326 2970 390 2992 naio
412 2973 474 2999 1359
495 2968 518 2991 al
542 2976 554 2999 5
570 2968 708 2991 dicembre
724 2966 800 2997 1361,
814 2967 844 2990 ed
859 2964 874 2990 ὲ
888 2967 1059 2996 largamcnte
1073 2965 1217 2989 documen-

1272 2587 1330 2609 tata
1352 2585 1425 2616 negli
1450 2586 1501 2608 atti
1523 2585 1647 2615 pubblici
1669 2584 1769 2615 (Alam,
1791 2590 1813 2606 a.
1837 2587 1911 2614 1359,
1931 2582 1951 2610 Ι,
1973 2590 2019 2606 nn.
2039 2588 2080 2613 42.
2109 2587 2167 2612 142,

1271 2627 1305 2656 Π,
1327 2636 1351 2651 n.
1372 2627 1422 2653 26:
1443 2635 1465 2651 a.
1490 2627 1611 2660 1360,11,
1627 2635 1673 2651 nn.
1689 2634 1712 2655 2,
1730 2632 1786 2651 120,
1801 2625 1868 2656 406:
1883 2633 1906 2648 a.
1929 2624 2004 2656 1361,
2026 2625 2044 2651 Ι,
2061 2633 2107 2648 nn.
2125 2630 2166 2656 73,

1273 2676 1339 2701 3¹0:
1355 2670 1367 2682 ‘¹
1381 2670 1494 2694 Nobilis
1506 2670 1586 2693 miles
1597 2669 1738 2693 Gerardus
1749 2669 1781 2692 (le
1794 2669 1932 2691 Bordonis
1944 2668 1976 2691 de
1987 2666 2132 2691 Florentia
2143 2683 2165 2697 ‚„

1273 2712 1307 2735 cs.
1328 2712 1416 2736 anche
1436 2720 1458 2735 a.
1482 2711 1557 2744 1363,
1577 2711 1610 2739 H,
1631 2710 1698 2742 4062
1720 2711 1739 2733 il
1760 2709 1884 2733 Bordoni
1906 2716 2009 2741 appare
2028 2709 2116 2732 anche
2135 2709 2164 2732 in

1273 2763 1308 2778 un
1330 2756 1392 2779 atto
1412 2755 1456 2778 del
1480 2762 1508 2778 12
1530 2762 1613 2786 genn.
1637 2761 1704 2786 1359
1723 2754 1810 2784 (ΒιΒι,
1832 2753 1904 2780 EST„
1927 2754 2008 2777 Carte
2032 2753 2166 2782 Campori‚

1273 2805 1341 2821 cass.
1365 2796 1433 2827 146).
1472 2796 1515 2821 Cf.
1538 2796 1649 2822 vienn,
1669 2799 1708 2825 op.
1728 2796 1780 2824 cit„
1801 2794 1835 2823 H,
1855 2801 1897 2825 40.

1359 2837 1370 2853 3
1381 2839 1494 2863 Fui-ono
1509 2840 1621 2870 quattro
1636 2838 1701 2861 anni
1718 2837 1763 2861 dal
1778 2842 1808 2867 25
1824 2836 1914 2868 luglio
1930 2842 1994 2867 1354
2005 2836 2051 2868 (cs.
2064 2837 2162 2866 dietro,

1272 2888 1298 2912 p.
1320 2880 1377 2911 158,
1398 2880 1415 2903 1.
1438 2879 1464 2911 3)
1484 2880 1509 2904 al
1532 2879 1565 2903 26
1584 2879 1674 2910 luglio
1698 2877 1780 2910 1358;
1800 2885 1814 2901 e
1835 2877 1978 2901 sarebbero
2005 2878 2069 2901 stati
2099 2878 2162 2901 altri

1272 2923 1309 2945 sei
1332 2923 1397 2945 mesi
1420 2922 1464 2945 dal
1486 2920 1519 2945 26
1538 2920 1628 2951 luglio
1652 2919 1716 2951 1358
1737 2919 1762 2943 al
1784 2918 1817 2942 :6
1831 2920 1951 2950 gennaio
1969 2924 2051 2951 1359:
2066 2927 2092 2942 se
2107 2927 2162 2942 non

1272 2964 1328 2987 vhe.
1350 2964 1466 2986 esse-mlo
1481 2966 1588 2986 cessato
1605 2962 1622 2985 il
1639 2961 1807 2985 Camenis-ri
1827 2961 1845 2983 il
1861 2969 1875 2991 4
1890 2962 2018 2990 genunio,
2036 2967 2069 2984 ne
2084 2962 2164 2984 viene

2196 828 2233 858 10

2198 1089 2234 1120 15

2193 1356 2234 1387 20

2192 1618 2232 1650 25

2193 2757 2228 2782 30

2192 2968 2223 2992 35
