2318 3603
139 453 158 466 c.
175 447 220 470 771>

267 1813 298 1830 10

270 2293 302 2310 20

275 2714 307 2737 30

277 2926 308 2950 35

327 216 349 250 6
355 216 374 250 ὑ
922 215 1234 251 CHRONICON
1261 215 1571 252 MUTINENSE

323 334 365 365 de
388 343 502 365 mense
526 332 609 364 iunii
633 332 668 363 in
693 332 781 364 festo
805 332 1034 374 apostolorum
1059 333 1170 364 sancti
1194 332 1289 364 Petri
1315 339 1349 364 et
1371 333 1469 364 Pauli
1492 334 1528 365 in
1553 334 1700 366 ecclesia
1717 333 1835 365 Sancti
1859 334 2021 366 Iohannis
2045 335 2078 366 in
2094 335 2163 367 La-

321 391 439 417 terano
471 386 516 417 ad
548 385 654 416 altare
685 384 805 416 Sancti
826 384 921 416 Petri
952 385 997 416 ad
1029 385 1179 416 Vincula
1203 392 1386 417 coronatus
1410 386 1475 417 fuit
1506 387 1663 418 dominus
1687 386 1858 418 Henricus
1889 397 2016 419 corona
2047 399 2160 426 aurea,

321 438 355 469 in
378 437 485 475 Urbe,
510 448 530 468 a
554 437 692 469 domino
717 437 862 469 Nicolao
888 437 930 469 de
954 437 1057 469 Prato
1083 436 1259 469 Cardinali
1283 437 1428 469 Ostiensi
1460 439 1502 470 de
1526 439 1645 470 ordine
1678 439 1973 480 praedicatorum'
1998 451 2074 472 cum
2107 451 2160 472 so-

320 490 495 521 lemnitate
513 494 547 521 et
562 489 689 532 gaudio
713 499 837 532 magno
861 490 979 532 populi
997 489 1112 528 Urbis,
1130 490 1365 522 assistentibus
1389 491 1572 523 Praefecto
1597 492 1700 524 Urbis
1718 498 1751 523 et
1768 492 1842 523 aliis
1865 492 2036 524 nobilibus
2053 499 2085 524 et
2100 503 2161 534 po-

321 542 465 574 tentibus
490 541 602 579 Urbis,
626 542 805 573 resistente
830 543 931 574 domo
956 542 1091 574 illorum
1123 542 1166 574 de
1194 543 1325 575 Ursinis
1350 550 1383 575 et
1414 543 1521 575 fratre
1552 545 1659 587 Regis
1691 545 1836 576 Roberti
1861 545 1904 577 de
1928 544 2072 587 Apuiea.
2119 545 2162 577 Et

322 595 369 627 ibi
392 595 478 626 inter
503 595 612 626 dictas
635 601 748 636 partes
765 602 797 626 et
814 604 931 626 eorum
955 604 1117 637 sequaces
1140 595 1298 627 fecerunt
1320 597 1450 636 praelia
1473 607 1597 639 magna
1615 604 1647 629 et
1664 604 1793 640 strages
1812 597 1987 629 hominum
2003 598 2161 636 infinitas,

321 647 488 679 stantibus
507 646 639 678 Ursinis
656 658 733 678 cum
751 658 811 679 suo
830 647 958 679 auxilio
981 649 1017 679 in
1041 654 1182 689 aparatu
1198 647 1235 679 in
1253 654 1364 680 castro
1389 649 1506 681 Sancti
1529 649 1655 693 Angeli
1672 650 1730 691 [et]
1747 651 1782 681 in
1800 650 1926 682 Sancto
1943 650 2045 682 Petro
2070 651 2163 683 circa

321 699 487 731 Tiberim.
535 699 579 730 Et
611 699 706 730 facta
736 700 829 731 dicta
861 700 1092 732 coronacione
1123 701 1218 732 venit
1248 701 1439 742 Imperator
1471 712 1547 733 cum
1572 710 1672 744 gente
1697 713 1757 734 sua
1780 703 1974 735 Viterbium
1999 703 2054 735 die
2077 703 2158 747 xxiij

322 752 455 795 augusti
469 751 488 783 ¹.
535 752 667 783 Eodem
691 752 867 783 millesimo
893 753 936 784 de
968 763 1084 784 mense
1117 753 1250 795 augusti
1282 753 1397 785 datum
1421 761 1455 786 et
1487 755 1647 786 traditum
1679 756 1746 788 fuit
1772 755 1988 796 domin[i]um
2017 755 2163 787 civitatis

320 805 476 837 Mutinae
498 815 562 846 per
584 811 716 846 partem
741 804 963 837 intrinsecam
987 805 1226 837 Grasulforum
1251 806 1390 838 domino
1422 807 1618 850 Raynaldo,
1651 809 1709 850 qui
1741 809 1867 840 dicitur
1890 808 2101 846 Passarinus,
2126 814 2160 840 et

322 858 488 889 Butirono
512 858 556 889 de
580 857 784 889 Bonaculsis
809 859 852 890 de
875 858 1022 890 Mantua
1034 858 1057 890 ².

407 910 574 941 Dominus
598 909 806 942 Rambertus
829 911 874 943 de
898 911 1097 943 Rambertis
1120 913 1164 944 da
1188 912 1327 944 Feraria
1350 913 1416 945 fuit
1439 913 1567 955 primus
1591 913 1746 946 Potestas
1777 913 1933 946 Mutinae
1964 924 2026 955 per
2050 914 2162 945 dictos

324 963 481 995 dominos
506 963 550 995 de
572 963 776 994 Bonaculsis
799 963 834 994 in
858 963 1021 1008 M.cccxij
1048 971 1082 996 et
1105 964 1237 1006 incepit
1260 965 1451 997 dominium
1474 977 1570 997 suum
1597 967 1652 999 die
1667 967 1699 1009 xj
1718 967 1851 1011 augusti
1863 965 1884 999 ³.
1932 967 2064 998 Eodem
2087 966 2163 998 mil-

322 1016 438 1048 lesimo
463 1015 518 1047 die
543 1016 679 1047 veneris
701 1027 769 1047 xxv
792 1017 927 1059 augusti
952 1017 1151 1049 interfectus
1174 1018 1239 1049 fuit
1264 1018 1424 1050 dominus
1448 1020 1475 1051 F
1477 1020 1651 1052 ranciscus
1673 1019 1759 1051 filius
1783 1020 1913 1052 domini
1945 1019 2048 1061 Opixi
2070 1019 2164 1051 Mar-

322 1069 454 1101 chionis
477 1069 618 1100 estensis
640 1069 675 1100 in
701 1069 839 1101 civitate
863 1071 892 1102 F
894 1069 1025 1101 erariae
1049 1070 1083 1101 in
1107 1071 1221 1112 platea
1244 1071 1408 1103 Comunis
1431 1083 1451 1103 a
1475 1073 1623 1114 quodam
1640 1073 1746 1105 fratre
1764 1073 1911 1104 naturali
1935 1071 2063 1104 domini
2081 1072 2163 1103 Dal-

320 1121 417 1153 masii
433 1121 503 1163 [de]
520 1121 698 1154 Catelonia
715 1122 847 1154 domini
865 1122 1010 1154 civitatis
1029 1124 1057 1155 F
1059 1123 1190 1155 erariae
1215 1131 1249 1155 et
1265 1124 1331 1156 hoc
1349 1124 1415 1156 fuit
1432 1124 1488 1165 [de
1506 1126 1591 1166 eius]
1608 1126 1781 1158 mandato.
1826 1125 2008 1157 Remansit
2023 1124 2162 1165 aute[m]

321 1173 369 1206 ibi
392 1174 450 1206 ubi
473 1180 624 1205 mortuus
648 1174 786 1216 [fuerat]
810 1176 916 1207 multo
943 1175 1118 1217 [tempore]
1143 1177 1291 1218 propriis
1326 1178 1489 1218 spoliatus
1513 1185 1545 1210 et
1581 1179 1733 1220 sepultus
1756 1185 1870 1210 autem
1894 1178 1958 1209 fuit
1983 1179 2075 1219 apud
2106 1188 2163 1210 ec-

321 1227 461 1259 clesiam
478 1228 622 1259 fratrum
638 1228 918 1269 praedicatorum
931 1230 953 1260 ⁴.
1000 1229 1134 1261 Eodem
1149 1230 1327 1262 millesimo
1348 1231 1391 1262 de
1415 1241 1532 1263 mense
1550 1232 1701 1264 octobris
1724 1232 1759 1263 in
1783 1231 1932 1263 crastino
1948 1231 2039 1263 beati
2057 1231 2164 1262 Fran-

322 1279 407 1311 cisci
431 1281 488 1312 die
512 1280 599 1312 iovis
623 1281 719 1313 venit
742 1282 899 1314 Mutinae
923 1282 1080 1313 dominus
1102 1282 1313 1320 Passarinus‚
1338 1284 1394 1314 cui
1411 1294 1536 1315 nomen
1554 1285 1729 1326 proprium
1745 1290 1817 1316 erat
1834 1284 1992 1316 dominus
2008 1283 2163 1326 Raynal-

414 1436 435 1453 1.
454 1429 521 1453 iulii
541 1430 583 1460 A,
604 1431 691 1460 Μυκη
723 1432 783 1459 Cra:
805 1441 846 1456 ma
867 1433 1058 1457 l'1'nr31'ca2i0ne
1086 1434 1158 1457 della
1178 1433 1256 1464 festa
1286 1442 1335 1457 non
1361 1434 1445 1457 lasct'a
1471 1434 1562 1457 dnbbio
1588 1435 1631 1457 che
1645 1434 1682 1465 fu
1702 1435 1724 1457 il
1743 1442 1776 1465 29
1792 1434 1899 1465 giugno
1919 1446 1950 1450 —
1972 1439 1995 1463 3.
2025 1431 2164 1462 Ostiensi]

326 1471 439 1495 Estensi
458 1471 500 1500 A„
517 1473 577 1496 Οτι
597 1474 624 1497 la
638 1482 738 1498 correz.
759 1475 772 1497 ὲ
791 1476 837 1498 del
854 1475 930 1499 McR.
951 1489 984 1492 —
1005 1482 1028 1507 5.
1048 1476 1155 1507 Apulia
1179 1476 1256 1499 Mm.
1271 1489 1304 1493 —
1317 1474 1341 1499 6.
1356 1475 1470 1499 infinita
1483 1475 1516 1499 A.
1532 1489 1562 1492 —-
1585 1482 1606 1507 7.
1627 1477 1653 1499 et
1674 1476 1772 1499 avanti
1790 1477 1819 1499 in
1840 1484 1888 1499 om.
1909 1474 1949 1500 A..
1970 1475 2056 1501 Μυκη
2072 1474 2131 1498 Cn:
2144 1474 2170 1497 ci

319 1516 392 1543 pare
405 1515 560 1544 necessario,
575 1515 626 1547 (fr.
642 1515 707 1540 Chr.
727 1516 785 1540 Est,
806 1517 884 1547 (ediz.
906 1517 1032 1545 Bestoni,
1053 1516 1161 1547 Vicini)
1182 1525 1208 1549 p.
1224 1516 1257 1540 So
1272 1518 1300 1540 11.
1321 1524 1415 1549 33-34:
1430 1518 1596 1541 obtinebant
1611 1516 1702 1541 Castr.
1716 1525 1738 1541 s.
1751 1517 1854 1548 Angeli
1869 1519 1895 1541 et
1909 1516 2042 1540 Sanctum
2056 1515 2169 1539 Petrum

327 1555 400 1579 circa
420 1555 521 1579 flumen
540 1556 652 1580 Tiberis
672 1571 704 1574 —
725 1566 750 1590 9.
771 1559 930 1582 dominium
951 1559 1038 1587 Mum,
1061 1560 1105 1583 Cr.
1125 1573 1157 1577 —
1181 1566 1219 1583 10.
1240 1559 1369 1589 domino]
1391 1559 1440 1583 rosi
1460 1559 1545 1586 MUR..
1567 1561 1628 1585 Cr.·.
1648 1559 1758 1583 domini
1781 1560 1812 1583 Α.
1833 1573 1864 1576 -
1888 1566 1927 1582 11.
1947 1556 2099 1586 Butironol
2115 1558 2166 1581 cosi

324 1597 415 1625 MUR.;
436 1597 562 1622 Butrano
576 1598 618 1629 A„
634 1600 694 1627 Cr.;
709 1600 863 1624 Butironus
877 1602 917 1624 M.
934 1614 964 1618 —
983 1608 1020 1632 13.
1036 1600 1077 1633 xj]
1092 1602 1143 1625 cos)
1163 1601 1250 1626 Mum:
1271 1608 1314 1624 ma
1330 1603 1348 1634 ij
1366 1602 1410 1626 Cr.
1421 1605 1473 1631 per
1487 1602 1590 1625 catliva
1605 1603 1705 1625 latura
1719 1602 1748 1625 di
1759 1602 1798 1631 A„
1814 1602 1858 1625 che
1871 1602 1969 1624 usando
1978 1604 2031 1631 per
2045 1601 2070 1624 Ie
2084 1600 2145 1623 date
2160 1599 2171 1622 i

323 1641 426 1663 numeri
438 1641 542 1664 arabici
554 1643 631 1665 vuol?
645 1646 716 1666 certo
730 1651 774 1667 con
789 1644 809 1676 ij
824 1644 982 1676 significare
996 1644 1023 1676 xj
1035 1653 1039 1669 :
1054 1643 1221 1667 Rambertus
1235 1650 1266 1667 x:
1281 1644 1403 1674 Augusti
1418 1644 1463 1667 die
1478 1643 1579 1667 Urbem
1595 1645 1736 1675 ingressus
1750 1645 1800 1667 est.
1814 1642 1974 1667 Pmscnmo
1986 1656 2017 1659 -
2032 1649 2071 1673 14.
2082 1640 2167 1665 Obizi

326 1681 401 1705 MUR.
418 1695 448 1698 -
467 1688 506 1713 15.
526 1683 659 1715 quodam]
674 1684 726 1708 cosi
746 1685 832 1715 Mur<¹⁷
855 1686 915 1713 Cr.;
930 1685 1073 1716 quondam
1086 1686 1120 1709 Α.
1134 1698 1166 1702 —-
1184 1684 1222 1708 16.
1244 1685 1276 1708 de
1298 1683 1310 1707 ὲ
1323 1686 1349 1708 in
1364 1685 1450 1715 Mun..
1468 1686 1510 1709 Cr.
1527 1699 1534 1703 -
1550 1685 1661 1709 domini
1677 1687 1731 1709 civ.
1746 1683 1818 1715 Fen]
1834 1685 1883 1715 qui
1897 1684 2009 1716 regebat
2023 1684 2169 1707 civitatem

327 1722 454 1747 Ferrarie
473 1724 551 1748 Mun.
573 1738 580 1742 -
600 1725 665 1756 hoc]
686 1726 736 1750 cosi
755 1726 834 1751 ML‘R.
856 1736 869 1750 e
890 1728 953 1757 εφη
973 1727 1021 1751 hee
1044 1727 1076 1750 A.
1097 1740 1105 1744 -
1126 1727 1159 1750 de
1178 1728 1238 1750 eius
1258 1735 1326 1758 agg.
1347 1727 1424 1750 Mun.
1449 1741 1479 1743 —
1503 1734 1541 1759 17-
1562 1727 1653 1751 fuerat
1673 1736 1685 1751 e
1705 1730 1832 1758 tempore
1858 1735 1925 1758 agg.
1951 1725 2028 1749 Mun.
2049 1738 2057 1742 -
2077 1726 2169 1748 autem

325 1774 373 1789 om.
387 1765 465 1790 MUR.
485 1779 517 1783 —
541 1766 580 1792 18.
600 1767 737 1800 crastino]
758 1769 830 1792 sesto
851 1769 945 1793 Mune.
965 1770 1077 1801 lasesta
1092 1770 1122 1792 di
1133 1778 1180 1793 san
1194 1770 1341 1792 Francesco
1360 1770 1443 1792 cadde
1463 1771 1506 1793 nel
1523 1776 1588 1799 1312
1603 1770 1628 1792 in
1643 1769 1796 1795 mercoledi:
1813 1771 1914 1799 quarto
1928 1767 2030 1791 deinde
2043 1766 2170 1790 octobris

327 1807 373 1831 die
392 1807 468 1832 iovis
489 1809 592 1841 vigilia
612 1810 689 1835 beati
708 1810 854 1835 Francisci
875 1811 1038 1835 PmserAxo

327 1909 372 1932 dal
383 1911 481 1934 nostro
492 1911 626 1937 cronista.
648 1912 669 1936 Ῑ1
682 1914 815 1937 racconto
827 1913 872 1937 del
884 1913 1033 1938 Prisciano
1043 1912 1104 1937 cosi
1118 1921 1221 1937 suona:

328 1950 405 1975 “Die
425 1960 490 1976 vero
510 1952 579 1986 Maij
600 1954 714 1986 xxviiij⁰
740 1956 881 1988 Rangoni.
909 1956 1093 1985 Roffilienses,
1120 1956 1222 1980 Guido-

328 1993 400 2017 “nes
419 1995 447 2018 et
467 1995 595 2019 Boscheti
615 1998 715 2028 sponte
734 1998 819 2021 etiam
845 1998 976 2029 nulloque
1002 1998 1163 2030 impellente
1189 2005 1222 2021 ex

327 2036 339 2047 ·¹
353 2036 419 2059 urbe
445 2036 644 2067 discesserunt,
671 2040 852 2063 conscientia
871 2042 981 2064 tantum
1007 2040 1137 2064 timorem
1164 2040 1223 2063 illis

330 2076 506 2107 '‘inferente;
536 2079 704 2104 dubitarunt
729 2082 833 2105 etenim
854 2089 887 2105 ne
912 2082 1072 2114 conjuratio
1098 2082 1222 2113 ipsorum

330 2118 417 2142 “cum
437 2119 664 2145 Bononiensibus
688 2123 803 2154 pateret.
842 2123 950 2148 Octavo
975 2125 1069 2148 autern
1092 2123 1155 2146 Iulii
1175 2123 1223 2146 Sa-

330 2160 430 2189 “xolll,
450 2161 677 2186 Bononiensibus
696 2163 750 2187 sibi
769 2164 861 2194 sotiis,
880 2164 916 2190 ad
929 2158 1073 2189 civitate‘m
1088 2164 1223 2188 infestan-

329 2202 341 2214 “
353 2201 416 2225 dam
436 2203 507 2226 moti
520 2202 611 2226 subita
638 2204 666 2227 vi
686 2204 833 2229 Baioariae
846 2206 936 2229 vicum
950 2206 1130 2238 populantur,
1149 2212 1224 2237 prae—

331 2243 414 2267 “dam
434 2243 580 2268 hominum
594 2246 623 2269 et
642 2246 778 2276 pecudum
798 2248 886 2278 agunt
899 2248 1050 2278 ingentem.
1064 2254 1128 2271 mox
1144 2247 1225 2271 villas

331 2284 345 2297 “
355 2285 518 2310 incendunt.
553 2287 626 2310 Tum
646 2294 713 2311 vero
734 2289 898 2313 Franciscus
913 2289 946 2312 de
960 2289 988 2313 la
1002 2289 1163 2312 Mirandola
1177 2288 1224 2313 Vi-

331 2325 344 2339 “
355 2328 448 2350 carius
460 2335 521 2351 eum
540 2328 698 2352 lectissimo
713 2331 840 2361 equitatu
860 2333 887 2354 et
899 2330 1000 2362 populi
1016 2337 1100 2354 manu
1114 2331 1225 2362 ingenti

332 2368 344 2380 “
356 2369 388 2392 in
407 2370 503 2393 hostes
517 2369 652 2402 impetum
665 2370 743 2395 facit.
770 2372 800 2395 In
821 2372 1006 2396 advenientes
1025 2372 1136 2402 Saxolli,
1150 2372 1225 2396 nulla

332 2410 344 2422 ⁸
356 2411 549 2442 trepidatione
568 2414 704 2443 conversi,
726 2414 834 2438 modico
856 2414 974 2446 negotio
994 2422 1040 2438 eos
1058 2414 1179 2439 fundunt
1198 2416 1227 2438 et

333 2452 450 2476 “fusum
472 2453 615 2478 Vicarium
635 2455 760 2487 capiunt,
780 2456 907 2488 pluribus
920 2457 1005 2480 etiam
1018 2457 1113 2480 caesis.
1151 2455 1227 2480 Con-

272 2506 284 2522 2
333 2494 458 2518 “tractis
470 2498 612 2525 praeterea
632 2497 723 2526 copiis
747 2498 804 2522 suis
830 2498 1022 2522 Bononienses
1048 2499 1125 2530 xxvij
1152 2506 1227 2522 men-

333 2536 396 2559 “sis
416 2536 507 2567 ipsius
526 2538 639 2567 pontem
658 2538 756 2563 Sancti
781 2540 929 2563 Ambrosii
950 2539 1115 2564 adoriuntur
1138 2541 1165 2563 et
1183 2547 1228 2563 ex-

333 2577 345 2589 “
358 2580 485 2610 pugnant
496 2580 523 2602 et
536 2578 650 2603 Saliceti
664 2581 729 2611 post
742 2581 796 2605 hoc
810 2582 907 2605 statim
921 2582 1085 2606 suburbium
1099 2582 1227 2613 ingressi,

333 2618 347 2630 “
360 2619 580 2644 circumvicinos
598 2628 681 2652 agros
700 2628 797 2646 omnes
823 2622 925 2654 praeda
950 2624 976 2646 et
996 2623 1228 2655 populationibus

335 2661 348 2673 ‘¹
358 2663 505 2685 vastarunt
518 2662 669 2694 domosque
683 2670 781 2688 omnes
793 2664 828 2688 ad
843 2664 988 2688 ecclesiam
999 2664 1116 2688 Sanctae
1130 2664 1230 2688 Crucis

336 2701 444 2734 “usque
471 2703 602 2727 incendio
621 2707 856 2738 consumpserunt
882 2707 911 2729 et
930 2706 1026 2729 urbem
1047 2707 1133 2738 ipsam
1160 2706 1230 2729 adeo

336 2744 531 2776 “premebant,
551 2748 581 2769 ut
600 2754 650 2778 pro
670 2747 822 2771 rusticanis
843 2749 915 2772 areis
935 2748 964 2772 in
984 2748 1123 2780 segetibus
1145 2748 1230 2772 tritu-

337 2786 456 2811 “randis
483 2785 548 2811 foro
575 2788 690 2819 publico
716 2791 743 2812 et
771 2788 872 2821 plateis
899 2790 1026 2821 pluribus
1050 2789 1231 2813 ecclesiarum

337 2829 443 2853 “etiam
462 2829 580 2853 sacratis
599 2832 744 2854 uterentur
768 2831 945 2856 Mutinenses
969 2834 996 2855 et
1014 2831 1142 2855 domibus
1166 2838 1230 2863 pro-

337 2870 434 2902 “priis
451 2872 502 2897 sub
521 2873 594 2903 dio„
620 2873 716 2897 Mon.
740 2873 771 2897 d.
798 2873 850 2898 St.
878 2874 914 2897 P.
940 2874 972 2898 d.
1000 2880 1102 2906 proV.
1130 2873 1231 2901 mod.,

339 2914 416 2939 Serie
436 2914 577 2943 Cronaclze,
597 2915 630 2939 T.
649 2914 709 2942 XV,
729 2922 756 2946 p.
776 2915 836 2947 361.

427 2956 433 2972 ¹
454 2956 712 2982 L'incoronazione
732 2957 762 2981 di
776 2958 878 2982 Enrico
892 2958 944 2982 VH
957 2957 990 2982 fu
1002 2957 1076 2982 §atta
1088 2957 1107 2982 il
1123 2963 1157 2989 29
1169 2957 1230 2989 giu-

1277 1919 1342 1943 gno,
1365 1919 1419 1935 non
1441 1913 1555 1936 ostante
1574 1911 1778 1944 Popposizione
1797 1912 1848 1935 che
1867 1918 1884 1935 a
1903 1917 1986 1934 mano
2006 1911 2113 1933 armata
2131 1908 2172 1932 fe-

1276 1961 1340 1978 cero
1355 1954 1394 1985 gli
1408 1953 1505 1977 Orsini
1526 1953 1666 1977 sostenuti
1686 1953 1760 1977 dalle
1774 1953 1877 1976 milizie
1889 1952 2025 1984 angioine
2037 1950 2174 1975 condotte

1277 1996 1313 2019 da
1331 1995 1477 2020 Giovanni
1496 1995 1566 2019 duca
1586 1995 1615 2018 di
1636 1996 1764 2019 Durazzo
1783 1994 1896 2019 fratello
1913 1995 1940 2018 di
1954 1993 2080 2018 Roberto
2100 1999 2130 2016 re
2143 1992 2172 2016 di

1277 2037 1389 2070 Napoli.

1366 2078 1376 2093 ‘²
1395 2079 1464 2103 Sino
1484 2079 1531 2103 dai
1551 2086 1584 2110 24
1602 2079 1687 2110 luglio
1709 2080 1726 2103 il
1753 2077 1866 2111 podest&
1891 2077 2055 2107 Parcsttaffi,
2082 2077 2172 2110 prims.

1278 2122 1307 2145 di
1326 2122 1444 2154 deporre
1464 2121 1573 2146 l’ufficio
1594 2128 1642 2153 per
1654 2122 1757 2146 recarsi
1771 2121 1806 2145 ad
1820 2121 1968 2146 assumerlo
1982 2120 2012 2144 in
2027 2120 2171 2149 Mantova,

1278 2168 1365 2186 aveva
1384 2163 1429 2186 nel
1449 2163 1587 2194 consiglio
1607 2162 1736 2194 generale
1755 2162 1784 2186 di
1805 2162 1923 2186 Modena
1943 2160 2015 2185 fatto
2035 2167 2091 2184 una
2110 2167 2173 2192 pro·

1278 2206 1359 2235 posta
1377 2205 1508 2235 generiea
1528 2205 1556 2227 di
1576 2205 1685 2228 affidare
1705 2204 1723 2227 il
1737 2211 1864 2235 governo
1878 2203 1946 2228 della
1960 2200 2031 2227 cittii
2043 2209 2060 2226 a
2073 2209 2111 2226 un
2125 2209 2175 2234 po-

1279 2247 1353 2270 tente
1372 2247 1501 2278 signore3
1530 2254 1543 2271 e
1563 2254 1619 2271 uno
1646 2246 1691 2270 dei
1717 2246 1880 2277 consigiieri
1905 2245 2010 2269 l'aveva
2035 2244 2174 2275 precisata

1281 2289 1466 2320 proponendo
1487 2288 1515 2312 di
1535 2289 1675 2313 chiamare
1689 2289 1715 2312 al
1734 2294 1861 2320 governo
1875 2287 1884 2310 i
1897 2286 2002 2310 fratelli
2017 2285 2176 2313 Bonaculsi,

1280 2329 1420 2354 Rainaldo
1434 2329 1510 2353 detto
1526 2331 1715 2361 volgarmente
1728 2328 1874 2353 Passerino
1888 2335 1902 2351 e
1916 2327 2060 2356 Butirone,
2074 2328 2084 2350 i
2098 2326 2174 2358 quali

1280 2379 1366 2396 erano
1386 2372 1473 2396 vicari
1487 2372 1628 2403 imperiali
1643 2372 1672 2395 in
1689 2371 1833 2395 Mantova.
1854 2371 2020 2403 Approvata
2033 2369 2059 2392 la
2072 2375 2175 2401 propo-

1281 2416 1332 2442 sta,
1347 2414 1378 2438 fu
1397 2414 1490 2438 subito
1511 2415 1623 2438 inviato
1638 2421 1654 2437 a
1668 2414 1805 2438 Mantova
1818 2420 1896 2436 come
1908 2414 2091 2444 procuratore
2104 2410 2176 2435 della

1281 2454 1354 2479 eitta
1373 2457 1508 2480 'solomeo
1535 2456 1668 2485 Barisini,
1687 2463 1702 2479 a
1719 2455 1765 2479 far
1789 2454 1927 2483 l'offerta3
1953 2461 1968 2478 e
1993 2454 2003 2477 i
2022 2452 2174 2477 Bonacolsi

1281 2499 1461 2522 accettarono
1487 2497 1560 2521 senz’
1571 2499 1640 2521 altro
1660 2505 1674 2521 e
1695 2497 1868 2521 mandarono
1895 2503 1911 2520 a
1930 2496 2051 2520 Modena
2071 2501 2108 2518 un
2129 2501 2176 2526 ρο·

1281 2537 1359 2562 desta
1377 2539 1428 2562 che
1441 2540 1468 2562 la
1482 2545 1651 2570 governasse
1666 2539 1696 2562 in
1710 2539 1770 2561 loro
1785 2544 1881 2561 nome:
1895 2536 1933 2561 cf.
1948 2537 2021 2565 TIR.¹
2038 2537 2118 2560 ᾸΙεηι.
2132 2540 2173 2567 st„

1283 2581 1317 2611 ΙΙ,
1341 2581 1464 2611 184-ι85,
1484 2581 1504 2604 il
1526 2581 1605 2612 quale
1624 2587 1681 2604 non
1701 2580 1790 2603 rileva
1804 2579 1855 2603 che
1868 2579 1887 2603 il
1900 2578 2046 2611 maneggio
2059 2578 2176 2602 dovette

1282 2629 1414 2646 mum-ere
1434 2623 1481 2647 dai
1502 2622 1653 2646 Bonacolsi
1667 2621 1818 2651 medesimi,
1838 2627 1888 2653 per
1901 2627 1992 2644 mezzo
2007 2619 2052 2644 del
2067 2620 2176 2644 Parcit-

1284 2664 1344 2688 tadi
1364 2664 1399 2688 da
1418 2665 1472 2688 essi
1491 2662 1539 2696 gia
1557 2664 1700 2688 chiamato
1725 2663 1781 2687 alla
1806 2661 1965 2694 podesteria
1984 2661 2011 2685 di
2031 2662 2177 2687 Mantova.

1374 2705 1384 2721 3
1403 2707 1444 2731 La
1464 2707 1620 2740 podesteria
1639 2707 1681 2730 del
1699 2706 1842 2731 Ramberti
1862 2703 1876 2728 ὲ
1895 2705 2070 2736 largamente
2089 2704 2176 2728 docu-

1286 2750 1410 2773 mentata
1430 2749 1505 2780 dagli
1523 2749 1579 2773 atti
1600 2747 1733 2779 pubblici.

1374 2790 1384 2805 ⁴
1407 2791 1494 2823 Sopra
1514 2791 1541 2814 la
1561 2790 1704 2814 uecisione
1722 2789 1749 2812 di
1768 2789 1922 2813 Francesco
1943 2787 2037 2812 d’Este
2056 2787 2092 2812 cf.
2113 2788 2176 2814 Chr.

1287 2833 1355 2862 Est„
1369 2832 1422 2863 (ed.
1434 2833 1480 2856 cit.
1495 2840 1522 2865 p.
1537 2833 1580 2862 81,
1593 2832 1618 2856 11.
1635 2830 1726 2862 26-33)
1741 2838 1755 2854 e
1766 2830 1913 2855 Mussecro.
1931 2831 2013 2858 Hist„
2028 2830 2103 2860 vm,
2118 2829 2148 2854 8:
2159 2829 2179 2853 il

1286 2875 1415 2898 catalano
1428 2875 1571 2899 Dalmasio
1582 2881 1628 2898 era
1639 2872 1651 2885 “
1662 2872 1784 2897 vicarius
1795 2874 1822 2896 et
1831 2873 1922 2896 rector
1932 2873 2058 2896 civitatis
2068 2872 2179 2897 Ferarie

1287 2915 1298 2927 ‘⁴
1311 2923 1364 2946 pro
1383 2916 1499 2940 domino
1519 2915 1665 2940 Cardinali
1679 2914 1712 2938 de
1726 2914 1862 2945 Pelagrua
1873 2931 1895 2943 η.
1915 2914 2041 2939 Secondo
2054 2914 2075 2938 il
2089 2914 2177 2938 Frizzi

1286 2956 1346 2988 (111,
1367 2959 1439 2988 231),
1457 2957 1620 2982 l'uccisione
1640 2956 1668 2980 di
1688 2956 1843 2981 Francesco
1863 2956 1893 2980 fu
1913 2956 1930 2980 il
1951 2962 1982 2988 ²3
1997 2957 2107 2988 agosto.

2189 808 2225 839 10

2191 1073 2227 1103 15

2201 2038 2236 2063 40

2203 2251 2234 2275 45

2205 2460 2238 2485 50

2205 2671 2237 2696 55
