2318 3603
141 482 230 504 ajat

264 1993 295 2010 10

264 2203 294 2227 15

262 2449 295 2466 20

262 2659 293 2685 ²5

262 2871 297 2895 30

921 197 1231 234 CHRONICON
1260 199 1567 239 MUTINENSE
1866 209 1951 244 [AA.
1972 213 2164 247 1314-1315]

330 267 2157 285 .........................................................................................................................................................................................................

325 314 453 345 facium
471 320 629 346 octavum
647 325 812 346 summum
829 315 1030 348 Pontificem
1047 323 1080 347 et
1096 317 1245 348 finaliter
1269 318 1433 350 conduxit
1457 320 1501 351 ad
1525 328 1668 353 mortem
1680 334 1687 359 3
1701 320 1752 337 *¹⁸*
1768 322 1905 353 illorum
1919 321 1971 340 *²²*
1993 334 2077 366 quos
2101 325 2162 356 do-

323 367 433 397 minus
455 366 551 408 Papa
575 367 771 400 exulaverat
794 375 827 400 et
851 369 936 400 duos
961 368 1162 401 Cardinales
1194 370 1428 412 Colupnenses
1459 373 1663 415 deposuerat
1695 380 1729 406 et
1760 375 1955 416 privaverat
1978 376 2163 409 honoribus

325 425 359 451 et
382 419 523 459 capellis
538 420 557 451 ¹.

413 472 578 504 Dominus
602 473 806 506 Franciscus
830 475 872 506 de
895 475 1109 507 Menabobus
1132 476 1175 507 de
1198 476 1339 507 Feraria
1362 476 1516 510 Potestas
1538 479 1693 511 Mutinae
1717 490 1780 521 pro
1804 480 1946 512 domino
1976 481 2158 514 Passarino

323 525 355 555 in
381 524 542 556 M.cccxv
558 536 621 567 pro
639 536 698 558 sex
714 528 884 559 mensibus
900 528 1047 570 inceptis
1063 528 1110 568 {in
1127 529 1282 560 calendis
1302 529 1478 571 februarii]
1492 531 1514 563 ².
1539 532 1643 564 Dicto
1660 538 1813 574 tempore
1838 534 1904 565 fuit
1927 539 2049 576 treuga
2073 534 2164 566 inter

324 577 497 608 dominum
521 577 737 610 Passarinum
762 581 805 612 de
828 581 961 612 Mutina
985 588 1018 613 et
1041 591 1186 613 comune
1211 581 1366 613 Mutinae
1391 593 1433 613 ex
1455 594 1523 615 una
1546 592 1643 625 parte
1669 591 1703 617 et
1727 585 1941 617 Mutinenses
1955 587 2165 618 extrinsecos

325 639 367 660 ex
392 630 500 661 altera
522 637 619 672 parte
638 632 681 663 de
698 643 813 664 mense
839 633 959 665 marcii
982 644 1045 675 per
1069 635 1155 665 duos
1178 644 1296 672 annos,
1313 635 1360 666 ita
1377 636 1469 677 quod
1485 636 1643 669 homines
1659 637 1754 670 ibant
1778 645 1811 670 et
1827 638 1985 670 redibant
2001 639 2162 671 faciendo

324 682 418 714 facta
454 693 523 720 sua,
548 684 641 716 salvo
676 685 794 727 [quod]
830 687 1012 718 extrinseci
1047 697 1116 718 non
1149 687 1323 720 intrabant
1358 687 1530 720 civitatem
1564 690 1761 723 Mutinae³.
1819 691 1950 723 Eodem
1984 692 2162 724 millesimo

324 736 379 767 die
405 736 477 779 xiiij
503 736 645 768 ianuarii
670 745 817 771 castrum
842 740 1009 772 Gaianelli
1034 740 1258 782 gubernatum
1292 747 1324 772 et
1355 748 1486 773 rectum
1518 753 1580 783 per
1611 743 1781 776 dominam
1813 744 1991 776 Beltedam
2023 755 2164 777 uxorem

325 788 494 819 Bonifacii
511 789 554 820 de
570 789 748 832 LivicanQ
766 792 845 834 quia
861 792 919 824 filii
935 793 1032 834 parvi
1049 799 1155 831 erant,
1173 793 1287 825 datum
1304 800 1337 825 et
1353 794 1523 826 redditum
1547 795 1613 827 fuit
1636 797 1773 828 comuni
1796 797 1950 829 Mutinae
1963 796 1983 829 ⁴.
2031 798 2162 829 Eodem

324 841 503 873 millesimo
528 842 571 874 de
595 854 712 876 mense
735 845 814 877 maii
838 853 989 878 muratae
1015 847 1153 878 fuerunt
1169 847 1257 878 duae
1273 853 1394 888 portae
1412 847 1556 879 civitatis
1572 848 1737 887 Mutinae,
1755 850 1886 883 scilicet
1902 857 2001 892 porta
2019 850 2160 883 Saliceti

322 900 355 925 et
379 900 478 936 porta
502 895 701 938 Baeoariae,
726 904 879 940 tempore
903 900 1108 940 potestariae
1127 900 1210 932 dicti
1243 900 1370 932 domini
1394 901 1569 933 Francisci
1587 901 1630 933 de
1654 901 1870 935 Menabobus
1894 909 1928 935 et
1952 903 2160 945 vicari[at]us

321 946 448 978 domini
472 947 625 980 Rolandi
649 950 692 981 de
717 950 931 990 Carlonibus‚
956 962 1018 994 pro
1043 952 1183 984 domino
1206 952 1399 991 Passarino,
1425 953 1518 996 quod
1534 953 1867 997 multumssdisplicuit
1884 956 2075 988 comuniter
2092 966 2164 988 om-

322 999 422 1031 nibus
446 999 702 1034 Mutinensibus
715 1002 735 1036 ⁵.

408 1053 573 1086 Dominus
596 1055 846 1098 Maghinardus
869 1059 912 1090 de
937 1059 1091 1091 Tribulis
1114 1059 1270 1101 Potestas
1294 1060 1447 1092 Mutinae
1472 1060 1506 1091 in
1538 1059 1698 1092 M.cccxv
1728 1072 1790 1102 per
1821 1061 1906 1093 alios
1937 1073 1997 1094 sex
2027 1072 2162 1094 menses

318 1106 476 1147 inceptos
501 1106 549 1147 [in
573 1118 688 1140 mense
713 1110 800 1152 iulii]
814 1110 835 1143 ⁶.
882 1112 1014 1143 Eodem
1039 1112 1221 1145 millesimo
1247 1113 1304 1144 die
1327 1114 1406 1156 xxvj
1431 1113 1504 1144 iulii
1540 1113 1633 1145 facta
1657 1113 1723 1145 fuit
1752 1125 1819 1155 pax
1843 1115 1879 1146 in
1910 1115 2051 1147 civitate
2081 1115 2164 1147 Pas-

319 1169 393 1190 mae
410 1159 499 1190 inter
524 1159 723 1194 Pal-menses
747 1169 781 1194 et
805 1164 882 1196 illos
906 1165 948 1196 de
973 1164 1089 1207 Bur-go
1115 1166 1232 1198 Sancti
1256 1166 1384 1198 Donini
1408 1172 1442 1198 et
1465 1173 1545 1197 tunc
1570 1176 1689 1197 omnes
1713 1166 1888 1199 Ghibelini
1912 1168 2088 1199 redierunt
2119 1168 2163 1200 ad

320 1212 460 1254 propria
484 1219 518 1244 et
541 1214 776 1256 principaliter
799 1217 834 1248 in
859 1218 974 1260 Burgo
1006 1218 1125 1250 Sancti
1156 1219 1284 1251 Donini
1317 1225 1390 1252 erat
1423 1219 1580 1251 dominus
1611 1219 1817 1251 Manfredus
1849 1221 1893 1252 de
1924 1220 2127 1252 Palavisinis
2140 1220 2162 1253 ⁷.

322 1265 455 1296 Eodem
480 1266 658 1299 millesimo
683 1268 738 1300 die
755 1270 941 1310 penultimo
965 1271 1041 1303 iulii
1064 1278 1220 1313 portatae
1246 1273 1383 1304 fuerunt
1405 1273 1528 1304 literae
1552 1273 1723 1304 Mutinam
1740 1273 1833 1315 quod
1851 1274 2067 1305 commissum
2092 1279 2165 1305 erat

321 1318 448 1350 bellum
472 1319 560 1350 inter
591 1320 813 1354 Placentinos
837 1329 870 1355 et
894 1323 1079 1366 Papienses
1102 1332 1136 1357 et
1159 1325 1323 1357 debellati
1348 1326 1487 1357 fuerunt
1511 1325 1698 1367 papienses
1722 1332 1756 1357 et
1787 1326 1881 1357 circa
1904 1326 1971 1358 duo
2002 1327 2099 1358 milia
2122 1337 2165 1358 ex

324 1371 375 1403 eis
397 1371 625 1413 Papiensibus
649 1374 788 1407 fuerunt
813 1377 903 1417 capti
928 1383 961 1409 et
983 1378 1117 1415 mortui,
1141 1378 1232 1410 inter
1256 1389 1340 1420 quos
1372 1378 1436 1410 fuit
1460 1378 1547 1410 filius
1564 1378 1731 1419 Filiponis
1741 1377 1776 1410 ⁸.'
1822 1379 1955 1411 Eodem
1987 1380 2165 1411 millesimo

320 1425 375 1456 die
393 1425 527 1456 veneris
549 1426 666 1469 xxv-iiij
692 1429 823 1470 augusti
847 1429 883 1460 in
907 1430 964 1461 die
989 1431 1234 1463 decollacionis
1257 1431 1366 1463 sancti
1391 1431 1552 1463 Iohannis
1576 1431 1749 1473 Baptistae
1775 1432 2001 1474 Ug[uci]onus
2025 1433 2068 1464 de
2100 1433 2166 1465 Fa-

324 1477 400 1519 cola
416 1477 575 1510 Vicarius
593 1485 626 1510 et
643 1480 802 1513 dominus
818 1481 973 1514 Pisarum
991 1489 1024 1515 et
1039 1483 1182 1516 Luchae
1201 1484 1308 1516 exivit
1323 1495 1401 1516 cum
1418 1494 1542 1527 magno
1559 1485 1712 1516 exercitu
1728 1483 1983 1523 Alemanorum,
1999 1485 2166 1518 Lombar-

417 1616 438 1633 1.
459 1610 609 1640 summurn]
631 1611 681 1635 cos>
702 1611 794 1639 ML'R.:
814 1619 894 1636 suum
912 1612 955 1641 A„
978 1614 1023 1638 Cr.
1044 1626 1076 1631 —
1099 1621 1151 1646 1-3.
1176 1616 1353 1640 mortem...
1373 1614 1505 1647 capellis]
1525 1616 1548 1639 il
1560 1619 1641 1646 passo
1661 1616 1673 1639 ὲ
1692 1617 1769 1647 quale
1788 1617 1814 1640 si
1831 1617 1913 1648 legge
1933 1616 1959 1639 in
1977 1616 2027 1640 A„-
2047 1617 2165 1641 abbiamo

323 1655 435 1683 segrmto
455 1660 499 1675 con
519 1651 581 1668 ***
601 1653 612 1676 i
633 1654 726 1685 luoghi
744 1654 788 1678 nei
804 1655 879 1685 quali
902 1657 1071 1686 supponiamo
1100 1657 1124 1680 le
1143 1658 1243 1685 Iacune,
1264 1666 1277 1681 e
1296 1661 1411 1681 correcto
1430 1659 1472 1682 col
1490 1658 1566 1682 MUR.
1593 1658 1618 1681 in
1644 1657 1847 1682 Columnenses
1876 1658 1995 1688 (secondo
2015 1659 2043 1682 la
2063 1659 2160 1690 forma

325 1698 446 1717 consueta
465 1702 510 1718 con
530 1696 574 1718 cui
591 1695 613 1718 Α
632 1696 721 1719 scrive
740 1697 762 1720 il
776 1701 885 1728 gruppo
905 1705 963 1725 mn:
984 1698 1036 1722 cosi
1057 1699 1180 1731 dapnum
1201 1700 1328 1725 (talvolta
1347 1701 1427 1724 anche
1447 1700 1594 1732 dapinum)
1615 1700 1660 1731 pei
1686 1699 1829 1731 damnum)
1856 1701 1879 1724 il
1902 1700 2109 1733 Colupinenses
2137 1701 2167 1724 di

322 1735 355 1758 A.
377 1737 422 1761 Cr.
443 1745 456 1759 e
470 1740 540 1766 pure
559 1739 601 1760 col
618 1738 696 1762 MUR.
715 1739 742 1761 in
762 1738 928 1770 deposuerat
943 1741 1055 1764 l’errnto
1073 1743 1101 1764 et
1121 1743 1254 1772 posuerat
1273 1743 1302 1765 di
1319 1742 1352 1766 Α.
1367 1751 1380 1765 e
1393 1744 1420 1766 et
1433 1743 1564 1774 potuerat
1578 1743 1608 1766 di
1626 1743 1673 1767 Cr.
1693 1755 1725 1759 —
1745 1741 1769 1766 6.
1790 1742 1822 1766 Α.
1842 1743 1930 1772 rzpete
1948 1745 1976 1766 et
1995 1742 2092 1766 avanti
2103 1742 2164 1766 Mu-

327 1777 405 1801 tinae
426 1791 457 1795 -—
479 1784 503 1809 7.
522 1781 550 1802 et
569 1780 601 1803 A.
621 1781 718 1804 avanti
736 1789 751 1804 a
772 1781 818 1808 de;
833 1790 880 1805 om.
902 1783 956 1810 Cr..
977 1783 1053 1806 Mun.
1070 1784 1132 1807 -ita
1152 1783 1240 1815 quod]
1259 1784 1310 1808 cos)
1331 1785 1421 1811 Mmm
1443 1785 1537 1816 itaque
1556 1784 1597 1813 A„
1619 1785 1664 1809 Cr.
1680 1797 1688 1802 ·
1705 1784 1850 1815 faciendo]
1869 1785 1920 1808 cos)
1941 1784 2018 1809 Mun.
2042 1786 2102 1810 Cn:
2124 1785 2162 1808 sa-

323 1820 422 1843 cienda
437 1819 467 1843 A.
477 1821 568 1852 :forse
581 1822 614 1845 ad
630 1822 776 1846 facienda?
791 1836 822 1840 —
838 1823 861 1847 8.
875 1825 952 1848 salve
965 1826 1116 1849 extrinseci
1135 1826 1175 1853 A,
1191 1827 1250 1853 Cr.;
1265 1826 1344 1850 salvo
1355 1826 1431 1857 quod
1445 1828 1516 1850 extr.
1530 1835 1598 1850 corr.
1612 1827 1688 1851 Mun.
1701 1840 1733 1844 —
1748 1833 1786 1850 10.
1800 1826 1934 1851 Lonzano
1948 1827 1989 1856 At,
2003 1827 2089 1855 ΜυΉἸ
2106 1826 2163 1854 Cr.;

325 1860 467 1886 Livizano
481 1862 643 1888 Pmscmno
658 1878 689 1882 —
704 1872 742 1890 11.
758 1866 892 1897 muratae]
907 1867 957 1890 cos)
973 1867 1063 1895 Mun.;
1079 1869 1202 1892 mutatae
1214 1868 1257 1897 A,
1273 1869 1318 1893 Cr.
1333 1881 1341 1885 —
1356 1868 1438 1899 duae}
1453 1869 1504 1893 cos)
1521 1869 1598 1892 MUR.
1609 1877 1622 1892 e
1636 1869 1909 1896 PaischNoedictae
1920 1869 1962 1897 A..
1975 1870 2020 1893 Cr.
2032 1881 2042 1886 -
2053 1867 2162 1901 portae]

326 1903 378 1927 cosi
398 1904 490 1933 §Imm
512 1908 605 1937 portes
626 1907 658 1930 Α.
678 1910 772 1939 partes
793 1909 838 1932 Cr.
859 1922 891 1925 —
913 1915 1000 1940 12-13.
1020 1911 1048 1933 et
1069 1910 1273 1934 vicariatus..i.
1295 1909 1467 1934 Carlonibus
1486 1919 1534 1934 om.
1555 1911 1632 1935 Mun.
1654 1924 1683 1928 —
1710 1917 1747 1935 12.
1769 1911 1892 1934 vicarius
1913 1912 1993 1935 anche
2014 1910 2059 1935 Or.
2074 1924 2107 1927 —
2123 1917 2162 1942 13.

324 1944 501 1971 Carbonibus
523 1949 564 1974 A..
587 1949 648 1973 Cr.:
668 1950 691 1972 iI
708 1958 772 1973 vero
792 1959 915 1982 cognome
928 1952 941 1974 ὲ
955 1952 1018 1975 clato
1036 1952 1085 1976 dan*
1102 1952 1182 1975 Mem.
1196 1965 1205 1970 -
1218 1952 1305 1983 quod]
1325 1953 1376 1976 cos)
1397 1952 1490 1980 Mum:
1513 1954 1561 1984 qui
1583 1953 1623 1983 A,
1648 1954 1692 1977 Cr.
1714 1967 1745 1970 —
1769 1958 1808 1983 15.
1828 1953 1992 1977 Manfredus
2012 1954 2054 1982 A..
2077 1953 2164 1980 Mun..

323 1988 380 2011 Cr:
408 1997 450 2012 ma
470 1990 492 2012 il
510 1998 574 2014 vero
593 1999 666 2014 nome
692 1992 904 2023 Maghinardus‚
923 1995 1000 2024 quale
1020 1995 1033 2018 ὲ
1053 1995 1114 2018 dato
1134 1994 1182 2018 dai
1198 1994 1289 2021 Mem..
1309 1995 1383 2027 cisu
1402 1998 1556 2019 conservato
1576 1996 1611 2019 da
1631 1996 1671 2019 M.
1692 1994 1785 2026 [βενὸε
1810 1995 1845 2019 de
1864 1995 2019 2027 Trigolisl:
2039 1995 2163 2019 Maium·-

322 2029 371 2053 dus
392 2030 554 2056 Pmscmxo
575 2046 607 2049 ——
630 2034 670 2057 16.
691 2034 769 2064 xxvj!
792 2034 824 2058 28
842 2034 886 2063 A,
906 2036 991 2064 MUR..
1013 2037 1058 2061 Cr.
1079 2051 1110 2055 —
1134 2041 1172 2067 17.
1192 2036 1316 2065 Domini}
1339 2037 1378 2066 A„
1399 2036 1485 2065 Mun„
1505 2038 1550 2062 Cr.
1564 2037 1775 2068 hannoJoannis
1789 2038 1858 2068 quie
1872 2038 1890 2061 1.
1903 2038 2049 2065 18;ma1a
2062 2045 2162 2061 correz-

324 2072 338 2094 ὲ
356 2074 521 2097 necessaria:
540 2075 565 2098 si
583 2078 668 2098 tratta
689 2076 787 2107 disatti
805 2077 835 2100 di
854 2078 946 2109 Borgo
967 2078 1022 2102 San
1046 2078 1168 2102 Donnino
1181 2078 1235 2110 fra
1255 2079 1357 2102 Parma
1371 2087 1384 2101 e
1397 2078 1528 2102 Piacenza
1542 2092 1573 2096 -—
1591 2077 1629 2102 18.
1651 2078 1821 2103 Pelavisinis
1842 2079 1919 2103 MUR.
1939 2092 1971 2096 -—
1992 2084 2034 2103 21.
2053 2079 2094 2103 eis
2113 2086 2161 2102 om.

323 2113 410 2143 MUR-‚
433 2116 476 2139 Cr.
498 2130 529 2134 —
554 2123 594 2140 22.
622 2117 740 2150 xxviiiJ]
764 2117 796 2142 28
817 2119 856 2149 A,
879 2119 964 2147 Mun„
985 2120 1046 2144 Cn:
1066 2129 1108 2144 ma
1128 2120 1151 2143 il
1168 2121 1202 2144 28
1220 2121 1302 2144 cadde
1323 2121 1349 2144 in
1365 2121 1479 2151 gioved)
1503 2122 1548 2144 nel
1563 2127 1633 2151 1315
1653 2130 1666 2144 e
1685 2121 1707 2145 il
1721 2122 1820 2153 giorno
1845 2122 1919 2145 della
1946 2122 2038 2146 decoll.
2063 2121 2094 2145 di
2116 2128 2164 2145 san

327 2156 404 2179 δίου.
425 2157 438 2180 ὲ
456 2157 479 2180 il
495 2166 528 2189 29
543 2172 551 2176 -
567 2157 760 2192 Uguccionus]
781 2160 830 2185 cosi
850 2161 944 2190 Mum:
965 2161 998 2186 Α.
1017 2171 1031 2186 e
1051 2162 1095 2186 Cr.
1114 2163 1198 2186 hanno
1217 2162 1264 2193 qui
1281 2171 1294 2186 e
1307 2166 1410 2193 sempre
1423 2171 1437 2186 ο
1451 2161 1569 2195 Ugonus
1583 2171 1596 2187 o
1610 2162 1748 2195 Ugonius.
1770 2176 1802 2180 —
1824 2169 1864 2194 23.
1877 2162 1952 2187 Pisis
1971 2163 2015 2191 A„
2035 2164 2097 2192 Cr.3
2116 2162 2162 2186 Pi-

324 2204 416 2221 sarurn
444 2199 520 2223 Mun.

411 2275 419 2288 Α
440 2265 461 2297 ὲ
483 2276 632 2300 manifesta
652 2278 698 2308 qui
722 2277 747 2300 la
768 2279 921 2302 omissione
938 2279 965 2302 di
981 2279 1098 2310 qualche
1112 2279 1218 2310 parola,

324 2317 350 2340 la
370 2317 452 2347 quale
472 2325 529 2341 non
551 2319 573 2341 si
595 2320 728 2349 sapi-ebbe
743 2320 868 2351 supplire
882 2328 934 2344 con
950 2322 1086 2344 certezza:
1107 2321 1127 2344 il
1142 2323 1218 2344 certo

322 2357 336 2383 ὲ
356 2359 405 2382 che
426 2360 452 2383 la
473 2362 582 2384 cattura
604 2368 617 2384 e
638 2364 825 2392 conseguente
845 2364 934 2386 morte
954 2363 998 2386 del
1019 2363 1094 2394 Papa
1121 2363 1149 2386 su
1170 2370 1218 2394 per

323 2401 416 2425 effetto
437 2402 464 2425 di
486 2402 634 2426 un'azione
655 2404 689 2426 da
710 2406 788 2435 parte
808 2405 834 2428 di
857 2404 954 2428 coloro
980 2405 1029 2428 che
1049 2405 1104 2436 egli
1131 2413 1217 2429 aveva

323 2443 429 2466 esiliati
451 2451 464 2467 e
484 2445 593 2475 privati
614 2445 687 2476 degli
711 2447 802 2473 onori.
823 2445 884 2470 cioe
905 2448 912 2470 i
934 2447 1099 2471 Colonnesi.

411 2483 422 2499 ‘²
442 2486 478 2508 Di
500 2488 595 2516 questa
616 2494 710 2510 nuova
733 2488 891 2518 pedesteria
907 2489 935 2512 di
950 2488 1103 2512 Francesco
1122 2488 1217 2512 Mena-

323 2527 389 2549 buoi
411 2527 433 2550 si
454 2527 549 2550 hanno
573 2528 659 2551 molte
679 2530 894 2553 testimonianze
922 2530 996 2560 negli
1018 2530 1069 2553 atti
1091 2530 1215 2560 pubblici

323 2568 425 2598 (Me-m„
447 2576 470 2592 a.
494 2574 567 2600 1315,
592 2577 637 2592 nn.
668 2577 687 2599 1,
709 2577 768 2602 234,
795 2570 853 2602 576,
880 2570 940 2602 665.
967 2570 1026 2602 824,
1052 2570 1111 2603 987,
1141 2576 1215 2602 1015,

326 2617 400 2642 1417.
430 2616 503 2642 1724,
531 2617 607 2644 2532,
636 2611 712 2644 2695,
739 2612 815 2644 4038,
840 2612 917 2644 4526,
943 2614 1143 2645 registi-azioni
1170 2613 1215 2637 dal

323 2654 446 2684 gennaio
466 2653 491 2677 al
512 2654 604 2684 luglio
619 2655 810 2685 dell'annata).

411 2694 422 2710 ³
442 2694 490 2719 Gli
514 2695 689 2720 “extrinseci
702 2715 715 2728 ‚,
737 2698 771 2721 da
792 2697 912 2721 Modena
933 2705 1018 2722 erano
1038 2698 1077 2729 gli
1097 2696 1216 2729 Aigoni,

323 2745 340 2761 0
360 2737 388 2761 di
410 2739 488 2769 parte
509 2738 603 2769 guelfa
624 2738 643 2769 (i
666 2739 751 2762 rurali
773 2740 807 2763 da
827 2739 968 2767 Sassuo1o,
992 2740 1026 2763 da
1052 2739 1216 2770 Savignano

323 2788 337 2804 e
356 2779 508 2809 Grassoni3
529 2780 568 2812 gli
590 2781 698 2809 urbani,
718 2781 860 2813 Raugoni.
874 2782 1020 2806 Boschetti
1034 2790 1047 2805 e
1061 2781 1215 2813 Guidoni);

323 2830 337 2846 e
357 2823 384 2846 la
405 2825 510 2854 tregua.
532 2823 652 2846 secondo
673 2824 723 2851 M„
745 2824 774 2847 su
788 2831 836 2855 per
850 2826 900 2851 tre,
922 2832 977 2848 non
999 2831 1046 2855 per
1066 2824 1118 2847 due
1138 2825 1215 2847 anni.

412 2863 422 2875 ⁴
441 2865 566 2888 Trattasi
588 2865 615 2888 di
637 2864 749 2889 Gaiano
770 2874 786 2890 o
807 2865 959 2890 Gaianello
980 2873 1062 2897 sopra
1083 2866 1109 2889 la
1129 2865 1217 2889 Torre

323 2906 419 2930 Maina
434 2907 480 2936 (cf.
493 2906 605 2935 Tim„
619 2908 691 2935 Βάκ,
705 2907 726 2935 Ῑ,
740 2914 806 2940 3²7²
820 2908 921 2938 Appen.
936 2909 1010 2936 mod.⁷
1025 2915 1050 2939 p.
1064 2908 1127 2940 953)
1142 2908 1217 2932 nella

324 2949 398 2973 valle
427 2949 470 2973 del
499 2948 636 2982 Tiepido:
665 2949 687 2973 il
715 2949 834 2974 castello
866 2950 895 2973 fu
925 2951 973 2981 poi
1007 2957 1068 2974 reso
1098 2951 1124 2974 ai
1154 2951 1215 2974 suoi

1273 2281 1381 2310 signori
1402 2287 1416 2303 e
1435 2279 1531 2307 Nerio,
1552 2287 1609 2304 uno
1629 2280 1672 2304 dei
1694 2279 1753 2311 figli
1775 2280 1802 2303 di
1824 2279 1949 2310 Balteda,
1969 2287 2003 2303 ne
2023 2276 2099 2303 dono
2119 2278 2164 2302 nel

1276 2327 1341 2353 1337
1362 2321 1389 2345 la
1409 2319 1482 2345 meta
1502 2329 1517 2345 a
1531 2321 1700 2346 Maddalena
1714 2322 1748 2346 da
1762 2321 1925 2353 Savignano
1944 2320 2070 2353 (Tur-AB..
2090 2321 2162 2350 Die„

1272 2364 1291 2391 Ι,
1311 2362 1382 2395 408),

1359 2404 1371 2420 ⁵
1391 2404 1496 2432 Questa
1516 2407 1658 2430 mutatura
1678 2405 1751 2429 delle
1777 2406 1865 2437 porte,
1886 2405 1958 2429 satta
1977 2412 2026 2436 per
2051 2405 2162 2436 ragioni

1272 2448 1299 2471 di
1322 2449 1468 2475 sicurezza,
1489 2449 1618 2479 spiaceva
1639 2449 1665 2472 al
1684 2448 1828 2475 cittadini,
1849 2445 1948 2479 perch‘e
1967 2447 2088 2471 rendeva
2101 2447 2164 2471 loro

1273 2491 1425 2513 incomodo
1446 2490 1556 2513 l’uscire
1577 2489 1652 2514 dalla
1673 2487 1743 2513 tzitta
1762 2497 1775 2513 e
1795 2489 1817 2513 il
1839 2489 1999 2513 rientrarvi.

1358 2530 1370 2546 ὃ
1390 2531 1470 2555 Nelle
1492 2532 1673 2555 intestazioni
1696 2532 1738 2555 dei
1760 2532 1850 2570 Melta,
1870 2539 1892 2555 a.
1922 2537 1996 2563 1315,
2018 2538 2064 2555 nn.
2084 2537 2161 2562 3525,

1271 2579 1339 2606 3797
1366 2582 1380 2597 a
1406 2580 1476 2605 4007
1502 2574 1528 2597 la
1555 2574 1712 2605 podesteria
1738 2573 1781 2597 del
1801 2572 1912 2596 Triboli
1940 2572 2026 2604 figura
2047 2580 2099 2596 con
2124 2581 2163 2597 re-

1271 2617 1438 2647 gistrazioni
1460 2616 1505 2640 dal
1527 2615 1560 2639 26
1580 2616 1670 2647 luglio
1693 2620 1756 2647 ¹3¹5
1778 2617 1807 2639 in
1834 2616 1901 2646 p0i;
1921 2615 2040 2646 bisogna
2062 2616 2162 2646 quindi

1270 2658 1380 2681 credere
1393 2658 1442 2681 che
1457 2658 1478 2681 il
1492 2658 1642 2681 Menabuoi
1658 2657 1789 2681 lasciasse
1803 2657 1916 2681 l’ufficio
1930 2656 2046 2688 qualche
2060 2658 2162 2689 giorno

1270 2700 1360 2731 prima
1380 2699 1428 2723 che
1449 2701 1471 2723 si
1493 2701 1630 2731 compisse
1651 2699 1670 2723 il
1691 2701 1821 2723 semestre
1840 2700 2012 2723 cominciato
2026 2699 2101 2723 nelle
2119 2707 2162 2724 ca·

1271 2742 1352 2766 lende
1372 2742 1399 2765 di
1422 2742 1557 2765 febbraio.

1357 2782 1368 2799 ⁷
1388 2781 1432 2807 Cf.
1456 2783 1516 2807 Chr.
1535 2787 1630 2813 parm„
1643 2783 1711 2807 ediz.
1726 2782 1854 2812 Bonazzi,
1870 2789 1895 2813 p.
1913 2789 1969 2813 141,
1983 2782 2013 2806 ll.
2027 2788 2121 2815 32-47:
2135 2783 2162 2808 la

1269 2832 1336 2856 pace
1354 2825 1383 2849 su
1399 2825 1470 2849 satta
1484 2832 1499 2849 a
1513 2824 1567 2849 San
1582 2825 1659 2849 Zeno
1673 2825 1812 2849 Veronese
1827 2824 1848 2848 il
1862 2823 1896 2848 26
1909 2824 2058 2856 1uglio(cs.
2069 2822 2162 2856 Arre),

1273 2866 1312 2890 St.
1326 2866 1357 2890 di
1374 2867 1485 2897 Parma,
1506 2865 1552 2894 IV,
1575 2865 1645 2898 198).

1357 2906 1368 2923 ⁸
1388 2908 1520 2932 Accenna
1546 2907 1805 2939 all’espugnazione
1824 2908 1852 2931 di
1880 2907 1966 2932 Pavia
1992 2909 2107 2940 operata
2127 2908 2161 2933 da

1271 2949 1378 2974 Matteo
1408 2950 1553 2974 visconti:
1583 2949 1670 2975 anche
1695 2949 1769 2974 nella
1798 2950 1858 2975 Chr.
1885 2950 1913 2975 di
1943 2949 1976 2975 G.
2006 2950 2161 2976 AGAzzuu

2191 798 2228 829 10

2189 1062 2225 1093 15

2188 1327 2230 1358 20

2192 2366 2225 2394 35

2191 2578 2226 2604 40

2190 2789 2223 2815 45
