2318 3603
265 1947 294 1964 [0

261 2402 294 2420 20

262 2611 292 2636 ²5

897 233 1219 267 CHRONICON
1248 232 1559 267 MUTINENSE
1982 238 2032 272 [A.
2055 239 2147 272 1344]

319 306 2144 315 .........................................................................................................................................................................................................

406 355 572 387 Dominus
595 354 737 399 Cir-ocus
761 354 804 386 de
830 354 950 386 Bardis
975 355 1018 386 de
1042 353 1219 385 Florentia
1244 353 1397 385 Potestas
1429 354 1585 385 Mutinae
1616 363 1679 395 pro
1711 353 1849 385 domino
1880 353 2079 385 Marchione
2110 353 2147 384 in

1267 406 1366 437 Tunc
1392 407 1446 437 die
1472 404 1570 437 lunae
1594 406 1674 449 xviij
1702 405 1850 437 octobris
1873 405 1909 437 in
1932 406 2019 438 festo
2043 405 2148 438 sancti

316 462 431 492 Lucae
458 460 614 492 dominus
639 459 800 491 Gibertus
824 460 866 491 de
891 459 1037 491 Foliano
1062 465 1095 490 et
1120 459 1242 490 fratres
1268 459 1339 490 eius
1364 465 1396 490 et
1421 459 1577 490 dominus
1600 458 1766 490 Nicolaus
1783 458 1826 489 de
1842 458 1985 489 Foliano
2009 459 2147 499 incepe-

317 520 395 545 runt
417 523 575 556 guerram
599 518 719 544 contra
744 522 887 544 comune
912 512 1016 554 Regii
1042 518 1076 542 et
1101 512 1257 543 dominos
1282 512 1324 543 de
1350 511 1516 555 Goncaga
1534 523 1610 543 cum
1628 511 1823 554 quingentis
1839 511 1998 542 militibus
2023 517 2055 542 et
2079 521 2149 541 ma-

315 576 383 608 gno
409 575 547 596 numero
564 565 720 606 peditum
737 564 917 597 assoldatis
933 575 994 605 per
1011 564 1185 595 dominum
1211 564 1395 595 Mastinum
1413 564 1504 595 della
1522 564 1624 596 Scala
1636 563 1658 595 ².
1669 562 1732 579 ²¹⁴**'

317 618 512 650 novembris
537 617 693 649 dominus
716 616 792 659 Aeo
817 617 860 648 de
886 615 1024 659 Corigia
1049 627 1125 648 cum
1150 617 1284 647 sindico
1309 617 1462 648 comunis
1490 616 1632 648 Parmae
1666 617 1709 648 ad
1741 616 1807 648 hoc
1840 615 2036 657 specialiter
2066 625 2149 647 con-

317 672 430 702 stituto
455 670 548 701 venit
572 668 741 701 Mutinam
766 670 810 701 ad
835 670 986 701 dandum
1011 669 1200 700 dominium
1232 669 1378 700 civitatis
1408 668 1553 700 Parmae
1584 669 1741 710 praefato
1774 668 1911 700 domino
1942 667 2149 700 Marchioni.

317 724 418 755 Tunc
442 723 499 754 die
523 723 638 754 martis
662 721 732 764 viiij
760 722 843 754 dicti
868 722 992 753 mensis
1017 722 1132 753 datum
1157 721 1222 752 fuit
1248 722 1433 752 dominium
1459 722 1607 753 civitatis
1631 721 1776 753 Parmae
1799 731 1862 762 per
1884 720 2056 752 sindicum
2073 730 2149 762 spe-

317 776 438 807 cialem
463 775 557 807 dicto
583 774 720 806 domino
744 773 939 805 Marchioni
965 774 1001 804 in
1025 773 1146 804 maiori
1171 774 1318 805 ecclesia
1349 773 1504 804 Mutinae
1536 774 1570 804 in
1594 774 1766 814 presentia
1797 773 1924 804 domini
1956 772 2086 816 Aeonis
2117 778 2151 804 et

317 828 479 860 Iohannis
503 833 537 859 et
561 826 707 869 Cagnoli
732 827 774 858 de
798 827 938 869 Corigia
962 827 1226 857 renuntiantium
1244 825 1369 857 ibidem
1388 826 1524 867 publice
1542 832 1575 858 et
1591 836 1653 867 per
1669 825 1842 867 publicum
1867 826 2126 857 instrumentum
2139 824 2150 841 ³

318 881 455 913 omnino
481 880 669 911 dominium
695 879 801 920 ipsius
825 879 972 911 civitatis
996 879 1149 916 Parmae,
1174 884 1355 920 praesente
1380 879 1538 920 praefato
1569 880 1707 910 domino
1739 878 1889 910 Mastino
1921 878 1979 919 [et]
2012 879 2054 909 de
2079 878 2152 910 eius

316 939 461 965 tractatu
485 939 518 964 et
541 932 726 969 voluntate,
751 931 810 972 [et]
826 931 1064 972 praesentibus
1087 931 1272 972 praedictis
1297 931 1443 963 dominis
1474 931 1657 963 Malatesta
1674 937 1707 962 et
1724 931 1883 963 Hostasio
1901 937 1935 963 et
1950 931 2062 962 multis
2079 930 2152 964 aliis

318 986 488 1018 nobilibus
511 985 659 1017 civitatis
681 984 826 1015 Parmae
853 991 885 1016 et
909 983 1080 1016 nobilibus
1113 984 1155 1015 de
1180 984 1333 1022 Foliano,
1358 984 1507 1025 receptis
1538 994 1557 1015 a
1589 984 1728 1015 domino
1752 983 1965 1021 Marchione‚
1998 989 2035 1015 ut
2065 983 2152 1015 dici-

318 1046 382 1077 tur,
405 1048 468 1080 pro
492 1037 643 1069 dominio
669 1037 748 1068 dato
773 1037 887 1068 dictae
912 1037 1059 1068 civitatis
1084 1035 1227 1067 Parmae
1252 1047 1314 1078 per
1338 1036 1469 1068 dictum
1493 1037 1668 1068 dominum
1692 1035 1847 1079 Aeonem
1865 1035 1923 1076 [lx.
1940 1036 2075 1068 milibus
2091 1036 2151 1067 flo-

319 1102 475 1124 renorum
500 1090 596 1131 auriJ.
642 1090 687 1121 Et
711 1089 867 1121 dominus
892 1089 1006 1121 Guido
1031 1090 1074 1120 de
1099 1089 1239 1131 Corigia
1264 1089 1347 1120 dicti
1370 1089 1500 1132 Aeonis
1517 1089 1623 1120 frater
1647 1099 1723 1120 cum
1747 1089 1861 1121 multis
1878 1089 1955 1120 aliis
1982 1088 2152 1121 nobilibus

317 1144 460 1176 civitatis
482 1143 625 1175 Parmae
650 1143 763 1174 dictae
788 1142 986 1174 vendicioni
1010 1142 1066 1173 vel
1089 1142 1226 1172 dacioni
1257 1142 1439 1173 noluerunt
1471 1142 1677 1180 consentire,
1705 1142 1767 1173 sed
1790 1151 1826 1174 se
1857 1147 2102 1183 separaverunt
2134 1151 2154 1172 a

319 1198 455 1229 civitate
479 1195 623 1227 Parmae
648 1202 682 1226 et
697 1195 831 1226 iverunt
848 1195 892 1226 ad
909 1202 1019 1226 castra
1037 1204 1167 1231 eorum3
1195 1201 1228 1225 et
1245 1201 1324 1226 tunc
1343 1195 1511 1226 Iohannes
1529 1194 1572 1226 de
1589 1194 1718 1226 Sancto
1735 1194 1841 1226 Vitali
1857 1205 1934 1226 cum
1951 1195 2018 1226 suis
2034 1204 2154 1236 sequa-

319 1250 413 1282 cibus
436 1249 539 1281 rediit
554 1249 589 1279 in
614 1247 707 1279 dicta
731 1248 869 1279 civitate
892 1247 1046 1278 Parmae.
1061 1245 1113 1263 *²⁸*
1125 1247 1136 1263 ⁴
1182 1247 1281 1278 Tunc
1300 1247 1358 1279 die
1375 1248 1490 1278 martis
1507 1247 1550 1289 vij
1578 1247 1769 1293 decembris
1792 1248 1826 1278 in
1843 1247 1931 1279 festo
1948 1247 2057 1279 sancti
2072 1245 2155 1278 Am-

319 1303 423 1336 brosii
445 1301 621 1344 praefatus
646 1301 806 1332 dominus
830 1300 941 1342 Obico
966 1299 1125 1331 Marchio
1144 1300 1248 1331 rediit
1265 1311 1284 1331 a
1301 1300 1396 1331 dicta
1413 1300 1550 1332 civitate
1569 1300 1710 1331 Parmae
1730 1311 1805 1332 cum
1822 1300 1985 1342 praefatis
2009 1299 2154 1331 dominis

318 1357 360 1387 de
386 1354 588 1391 Malatesfis,
615 1354 657 1385 de
682 1353 837 1390 Polenta‚
863 1354 905 1384 de
931 1351 1135 1389 Manfredis,
1169 1353 1212 1383 de
1245 1352 1424 1390 Alidoxiis,
1457 1352 1629 1384 nobilibus
1662 1353 1799 1384 domino
1830 1352 1961 1395 Acone,
1989 1353 2153 1389 Iohanne,

319 1408 378 1450 [et]
396 1407 550 1450 Cagnolo
569 1407 612 1438 de
630 1406 778 1448 Corigia‚
798 1406 939 1437 Giberto
957 1406 999 1437 de
1018 1406 1160 1437 Foliano
1179 1415 1254 1436 cum
1274 1405 1406 1437 duobus
1429 1406 1504 1437 filiis
1522 1406 1614 1443 suis‚'
1648 1406 1784 1438 domino
1802 1405 1972 1437 Gulielmo
1991 1404 2048 1446 [et]
2072 1405 2155 1436 Ber-

390 1551 412 1567 1.
432 1542 544 1567 Zirotus
567 1542 612 1572 A„
638 1541 726 1571 Mum,
756 1541 800 1565 Cr.
822 1554 853 1558 -—
874 1546 898 1565 2.
924 1538 978 1571 in']
999 1547 1014 1564 a
1035 1540 1122 1569 Μυκη
1145 1541 1190 1565 Cr.
1210 1553 1241 1557 ——
1269 1546 1292 1570 5.
1313 1541 1394 1564 lunae
1413 1540 1475 1572 viij}
1498 1541 1596 1564 martis
1616 1540 1631 1565 8
1652 1540 1694 1570 A„
1716 1540 1800 1569 Mun„
1823 1541 1882 1569 Cr.;
1903 1548 1946 1564 ma
1964 1539 2002 1564 1⁸8
2021 1539 2156 1564 novembre

318 1589 349 1617 fu
368 1586 471 1617 luned),·
491 1586 529 1612 M.
547 1587 645 1618 insani
661 1586 694 1609 lm
713 1586 757 1609 nel
764 1589 843 1616 passo
855 1584 982 1616 corrisp.:
997 1584 1041 1608 die
1060 1584 1142 1608 lunae
1163 1584 1214 1616 viij
1236 1584 1411 1614 novembris3
1430 1585 1456 1608 lo
1468 1588 1547 1608 stesso
1567 1585 1600 1608 A.
1622 1584 1647 1615 (e
1664 1592 1709 1608 con
1727 1591 1781 1608 esso
1800 1584 1878 1609 MUR.
1897 1592 1912 1607 e
1931 1583 1988 1615 Cr.)
2006 1584 2091 1608 hanno
2104 1582 2154 1614 pin}

320 1634 388 1655 sotto
406 1628 437 1661 (l.
455 1630 496 1659 8):
517 1628 561 1652 die
579 1629 677 1652 martis
697 1635 712 1659 9
732 1626 801 1650 dicti
823 1628 925 1651 mensis
943 1627 972 1649 in
991 1626 1212 1656 corrispomlenza
1231 1634 1275 1650 con
1289 1627 1340 1655 M„
1355 1627 1398 1650 che
1416 1627 1449 1650 ha
1468 1626 1514 1650 die
1535 1627 1634 1650 τηατ-113
1658 1633 1736 1650 nono
1756 1633 1823 1651 nov.
1848 1639 1880 1643 —
1900 1624 1954 1658 8·9·
1980 1625 2154 1658 spiritualem

321 1675 369 1705 A.·‚
394 1673 544 1706 specIalern
570 1673 657 1702 Μυκη
686 1673 740 1702 Cr.,
760 1673 801 1696 M.
823 1684 855 1689 —
877 1677 916 1696 10.
936 1671 1132 1694 renunciatum
1157 1671 1206 1700 A.;
1227 1671 1393 1695 renuntiato
1417 1671 1505 1699 Mum,
1527 1672 1587 1700 Cr.;
1607 1671 1832 1694 renuntiantium
1855 1671 1894 1696 M.
1913 1684 1945 1688 —
1967 1677 2008 1695 11.
2027 1670 2154 1694 dominio

323 1719 408 1748 Mum,
429 1718 476 1742 Cr.
496 1729 506 1734 -
525 1718 554 1741 et
571 1724 641 1748 agg.
660 1723 742 1748 sugg.
761 1716 796 1739 da
815 1716 855 1739 M.
875 1728 906 1731 —
932 1722 968 1738 12.
989 1716 1015 1737 et
1035 1715 1101 1745 dopo
1125 1714 1270 1738 voluntate
1298 1722 1366 1746 agg,
1391 1723 1474 1747 sugg.
1501 1715 1537 1738 da
1562 1715 1602 1738 M.
1623 1727 1633 1732 -
1654 1713 1858 1746 praesentibus]
1882 1714 1933 1739 cosi
1951 1715 2008 1743 M}
2026 1714 2154 1745 partibus

320 1763 364 1792 A„
391 1763 476 1791 Mun„
505 1761 550 1786 Cr.
569 1773 581 1779 -
600 1760 751 1793 praedictis
764 1767 811 1784 om.
827 1759 917 1788 Mum,
933 1760 991 1787 (ἰῆς
1013 1757 1027 1782 ὲ
1047 1759 1125 1783 anche
1143 1760 1170 1782 in
1191 1760 1229 1783 M.
1249 1759 1293 1783 che
1311 1759 1408 1791 insatti
1425 1759 1449 1783 li
1466 1760 1498 1782 ha
1517 1759 1644 1783 nominati
1654 1759 1747 1790 prima
1763 1771 1794 1776 —
1811 1764 1898 1790 13—14.
1918 1760 1950 1783 ut
1969 1757 2085 1789 dicitur]
2104 1756 2155 1782 cosi

320 1807 353 1830 lta
366 1808 420 1831 M:
440 1808 469 1831 ut
484 1805 597 1829 daretur
617 1805 665 1833 Aa.
680 1812 729 1827 om.
743 1803 831 1833 Mun„
848 1804 893 1827 Cr.
915 1817 945 1820 -
963 1808 1051 1834 14-15.
1067 1803 1095 1826 lx
1111 1803 1224 1826 milibus
1245 1803 1269 1826 fl.
1290 1802 1327 1834 a.]
1347 1804 1374 1826 la
1395 1804 1489 1826 lacuna
1510 1801 1523 1826 ὲ
1541 1803 1659 1834 supputa
1680 1810 1727 1827 con
1747 1803 1788 1826 M.
1808 1815 1841 1820 —
1862 1802 1902 1826 16.
1921 1803 1947 1826 in
1966 1803 2010 1827 A..
2030 1809 2047 1826 a
2065 1801 2156 1826 dictae

318 1850 430 1881 precede
448 1857 482 1874 un
502 1856 553 1881 que
571 1848 616 1873 che
636 1849 713 1872 Mna.
733 1856 747 1870 e
767 1848 813 1873 Cr.
833 1848 915 1871 hanno
935 1850 1049 1871 corr-etto
1067 1847 1094 1870 in
1114 1854 1178 1877 qu13
1192 1848 1343 1878 prese-risco
1362 1846 1536 1878 sopprimerlo
1555 1855 1570 1869 ε
1586 1853 1746 1870 conservare
1763 1847 1789 1870 il
1803 1849 1928 1878 seguente
1937 1846 1984 1870 sed
1996 1846 2039 1870 che
2051 1846 2130 1871 MUR.
2143 1854 2157 1869 e

322 1895 367 1920 Cr.
381 1895 465 1918 hanno
478 1900 573 1918 omesso
588 1906 598 1910 -
613 1892 640 1923 a]
653 1893 706 1916 cosi
724 1899 858 1923 correggo
871 1899 916 1916 con
931 1891 980 1919 M.‚
995 1891 1129 1923 conforme
1142 1899 1157 1913 a
1171 1894 1265 1921 quanto
1279 1891 1305 1913 s'n
1325 1891 1394 1914 altri
1404 1892 1460 1913 casz'
1465 1890 1622 1921 precedenti
1639 1892 1664 1914 si
1674 1893 1756 1915 trava
1769 1891 1848 1914 anche
1861 1891 1888 1914 in
1901 1890 1945 1919 A„
1959 1891 2003 1914 che
2015 1890 2060 1922 qm'
2070 1891 2157 1914 εἰη-νεα

321 1947 368 1963 usa
386 1945 408 1966 e,
428 1938 533 1970 seg-aito
549 1937 575 1960 in
589 1937 628 1960 εΙὸ
641 1936 677 1960 da
691 1936 767 1960 Mun.
788 1944 801 1958 ε
817 1935 863 1960 Cr.
883 1949 914 1953 —
938 1942 977 1967 19.
998 1935 1104 1958 redibat
1127 1935 1203 1958 Mun.
1227 1948 1256 1953 —-
1278 1941 1320 1959 21.
1333 1937 1358 1958 et
1373 1935 1468 1958 avanti
1485 1933 1616 1966 Cagnolo
1629 1942 1697 1965 agg.
1718 1935 1804 1963 Mun..
1821 1936 1864 1959 Cr.
1879 1947 1889 1952 —
1902 1936 1929 1958 et
1949 1935 2046 1959 avanti
2062 1935 2155 1958 Berto-

319 1983 377 2008 lino
391 1990 439 2007 non
454 1981 467 2004 οἵ
479 1989 505 2005 m
518 1988 627 2005 nessuno
640 1981 686 2004 dei
702 1980 767 2004 testi

323 2063 430 2086 doveva
449 2062 554 2085 esservi
567 2062 716 2091 registrata
730 2060 757 2083 la
776 2059 838 2084 iine.
858 2060 949 2091 prima
970 2059 1013 2082 del
1035 2059 1153 2082 termine
1167 2059 1211 2088 del
1268 2058 1418 2082 Ricciardo
1436 2058 1547 2082 Alidosi
1564 2060 1676 2089 signore
1690 2059 1717 2082 di
1733 2058 1831 2088 1mola,
1845 2065 1892 2090 per
1906 2058 2008 2082 recarsi
2027 2065 2044 2082 a
2057 2057 2156 2082 Parma

322 2106 460 2135 semestre,
479 2103 554 2127 della
573 2103 731 2135 podesteria
753 2102 782 2125 di
796 2100 916 2125 Galasso
937 2101 1040 2124 Medici
1061 2109 1074 2123 e
1090 2102 1115 2124 la
1131 2101 1212 2123 breve

322 2148 497 2170 successione
516 2152 563 2178 per
577 2145 597 2168 il
614 2145 705 2175 luglio
720 2144 747 2167 di
763 2142 882 2167 Niccolo
897 2142 938 2167 de‘
952 2143 1055 2167 Medici
1072 2142 1213 2169 ferrarese,

322 2195 370 2221 per
391 2188 409 2211 il
431 2188 513 2219 quale
532 2194 558 2211 v.
580 2194 606 2210 n.
627 2195 642 2216 4
662 2185 736 2209 della
757 2193 783 2216 p.
806 2191 862 2216 1²4·

410 2228 418 2245 ¹
430 2229 552 2254 Gerozzo
563 2229 590 2252 di
604 2227 757 2252 Francesco
769 2228 813 2251 dei
825 2227 916 2254 Bardi.
934 2228 946 2240 “
958 2234 1076 2258 magnus
1086 2230 1112 2250 et
1125 2227 1212 2250 hono-

322 2274 334 2286 α
348 2272 446 2296 rabilis
463 2273 536 2295 civis
546 2271 674 2295 civitatis
688 2269 849 2293 Florentiae
860 2287 872 2299 „
895 2269 1017 2292 secondo
1033 2269 1052 2292 il
1070 2270 1130 2294 Chr.
1146 2270 1212 2295 Est„

321 2314 380 2345 406,
392 2314 421 2337 su
433 2310 550 2345 podest&
561 2319 576 2336 a
587 2312 709 2335 Modena
720 2311 767 2335 dal
779 2313 870 2342 primo
882 2312 981 2342 agosto
995 2317 1060 2342 1344
1071 2311 1097 2334 al
1108 2317 1212 2341 goago-

322 2358 365 2380 sto
383 2363 456 2387 1345.
470 2362 548 2379 corne
569 2354 655 2378 anche
673 2352 688 2377 ὲ
708 2354 909 2377 documentato
927 2352 1003 2384 dagli
1018 2352 1070 2376 atti
1087 2352 1213 2384 pubblici

321 2398 423 2431 (Mem.
444 2405 467 2420 a.
493 2404 566 2428 1344,
585 2396 606 2425 1,
627 2402 673 2419 nn.
687 2394 738 2426 478
754 2404 767 2418 e
787 2394 851 2426 859;
871 2402 896 2418 a.
921 2401 995 2426 1345,
1014 2393 1035 2423 1,
1051 2402 1076 2418 n.
1094 2402 1152 2426 534.
1178 2394 1212 2422 ΙΙ,

323 2448 349 2464 n.
367 2446 432 2471 925:
456 2439 468 2451 ‘¹
481 2439 545 2463 nob.
567 2438 647 2462 miles
669 2437 800 2467 Circeius
820 2437 854 2461 de
874 2436 972 2460 Bardis
992 2436 1025 2459 de
1039 2436 1184 2460 Fiorentia
1199 2455 1210 2464 „

321 2490 335 2506 e
359 2482 370 2494 “
383 2489 430 2513 per
449 2481 476 2505 d.
495 2479 643 2504 Girocium
663 2480 696 2503 de
716 2479 815 2503 Bardis
844 2479 876 2502 de
896 2478 970 2502 Flor.
998 2480 1056 2510 pot.
1082 2485 1134 2509 pro
1159 2478 1213 2502 dno

322 2522 451 2554 Obicone
464 2523 509 2546 dci
527 2522 619 2554 gratia
641 2521 744 2544 estensi
764 2523 791 2544 et
811 2520 1006 2544 anchonitano
1021 2518 1186 2543 Marchione
1198 2538 1210 2549 ‚,

323 2567 352 2589 in
373 2573 409 2589 un
431 2565 539 2588 sramm.
560 2565 590 2588 di
611 2565 743 2587 sentenza
759 2563 802 2586 del
821 2567 884 2594 1345
902 2563 931 2585 in
947 2563 1036 2587 Mem..
1051 2569 1073 2585 a.
1090 2560 1165 2593 1364·
1181 2562 1213 2589 II,

323 2607 415 2639 foglio
435 2608 464 2631 di
482 2607 614 2639 guardia:
643 2606 663 2629 il
685 2612 768 2629 nome
788 2605 903 2635 volgare
922 2611 967 2628 era
994 2603 1130 2628 Gerozzo.
1170 2604 1213 2627 Cf.

323 2651 435 2678 Vremr,
454 2652 495 2679 op.
516 2649 570 2677 cit..
590 2647 623 2677 11,
645 2654 733 2671 21-22.

411 2688 421 2705 ²
443 2689 488 2714 Cf.
511 2690 570 2713 Chr.
592 2697 659 2721 reg.¹
680 2688 710 2711 in
731 2688 795 2712 RR.
820 2688 856 2711 II.
879 2687 937 2714 SS,
954 2685 1054 2712 XVIII,
1076 2694 1117 2717 59.
1155 2686 1213 2710 Che

323 2735 370 2765 qui
384 2733 453 2757 cada
467 2740 522 2756 una
535 2732 637 2755 lacuna
650 2730 664 2755 ὲ
678 2731 848 2755 dimostrato
862 2730 936 2754 dalle
954 2730 1050 2762 parole
1073 2730 1214 2761 “praesen-

325 2777 337 2789 ‘⁴
348 2777 424 2800 tibus
439 2775 589 2806 praedictis
609 2774 733 2798 dominis
746 2773 897 2797 Malatesta
910 2777 938 2796 et
957 2773 1092 2796 Hostasio
1108 2790 1119 2801 ‚,
1140 2762 1213 2795 della

263 2825 275 2847 ’ς
322 2819 341 2843 l.
362 2825 402 2847 12,
422 2820 527 2841 mentre
548 2817 558 2840 1
578 2817 630 2840 due
651 2816 761 2848 signori
782 2816 944 2847 romagnoli
960 2821 1016 2838 nou
1031 2821 1102 2837 sono
1123 2814 1213 2844 prIma

323 2860 470 2885 ricordati.
507 2859 607 2883 Manca
635 2858 656 2881 il
682 2859 817 2882 racconto
844 2857 919 2881 della
946 2858 1050 2881 venuta
1078 2856 1120 2880 del
1143 2863 1213 2879 mar-

323 2903 401 2926 chese
421 2901 527 2925 Obizzo
542 2900 581 2924 111
596 2902 623 2923 in
640 2900 768 2927 Modena,
784 2900 813 2923 in
834 2899 1004 2930 compagnia
1018 2899 1046 2922 di
1063 2898 1212 2922 Malatesta

323 2946 436 2977 signore
449 2944 479 2968 di
493 2943 613 2968 Riminl.
633 2943 662 2966 di
677 2941 792 2966 Ostasio
807 2942 840 2965 da
854 2941 971 2965 Polenta
986 2942 1100 2972 signore
1114 2939 1143 2963 di
1157 2939 1211 2963 Ra-

322 2994 423 3015 venna,
441 2985 472 3010 di
498 2985 645 3010 Giovanni
672 2984 812 3008 Manfredi
839 2985 954 3016 signore
979 2983 1007 3006 di
1033 2981 1152 3012 Faenza,
1181 2982 1211 3005 di

1268 2102 1299 2124 ad
1321 2108 1458 2124 assumere
1485 2101 1506 2123 11
1530 2101 1660 2124 dominio
1687 2101 1716 2124 di
1736 2101 1828 2131 quella
1855 2097 1932 2126 citta.
1960 2100 2033 2124 dove
2057 2100 2113 2131 egli
2133 2101 2156 2123 si

1268 2141 1330 2165 νει-ὁ
1352 2144 1399 2174 poi
1422 2142 1442 2165 il
1466 2149 1497 2165 10
1517 2143 1676 2165 novembre.

1353 2183 1364 2197 ³
1384 2182 1489 2210 Questo
1500 2186 1561 2207 atto
1573 2183 1648 2207 fatto
1661 2185 1688 2206 in
1702 2183 1822 2207 Modena
1837 2184 1856 2207 il
1869 2191 1885 2214 9
1898 2183 2047 2207 novembre
2059 2190 2115 2206 non
2131 2183 2158 2206 el

1267 2223 1280 2248 ὲ
1295 2226 1428 2249 rimasto:
1444 2226 1540 2249 invece
1560 2226 1589 2248 in
1610 2225 1697 2252 Mun..
1718 2226 1779 2248 Aut.
1801 2226 1868 2255 Es!.‚
1888 2224 1922 2255 11,
1944 2223 2066 2255 105-108.
2085 2226 2108 2248 si
2123 2225 2158 2248 ha

1269 2267 1348 2291 l'atto
1363 2268 1405 2290 del
1418 2266 1569 2298 Consiglio
1584 2268 1627 2291 dei
1644 2266 1838 2298 Cinquecento
1853 2267 1881 2290 di
1896 2267 1995 2291 Parma
2006 2266 2051 2290 del
2063 2273 2096 2298 ²4
2110 2273 2158 2290 no-

1268 2311 1377 2333 vembre
1388 2317 1435 2341 per
1447 2312 1488 2334 cui
1508 2311 1519 2322 ‘⁴
1532 2310 1695 2334 omnimoda
1711 2312 1844 2342 potestas,
1855 2311 2009 2334 auctoritas
2022 2311 2051 2333 et
2063 2308 2158 2340 baylia

1270 2352 1280 2365 ‘⁴
1294 2353 1382 2383 ipsius
1403 2353 1530 2375 civitatis
1545 2354 1571 2375 et
1585 2352 1731 2375 districtus
1743 2370 1754 2379 „
1772 2351 1876 2375 furono
1889 2351 1953 2375 date
1968 2358 1982 2374 a
1997 2349 2111 2378 Obizzo,
2127 2350 2156 2374 in

1268 2391 1439 2417 conformita
1459 2393 1488 2417 di
1508 2396 1614 2424 quanto
1635 2391 1680 2424 gia
1701 2395 1723 2416 si
1744 2400 1789 2417 era
1809 2393 1965 2416 deliberato
1979 2392 2000 2416 il
2016 2399 2029 2424 7
2046 2399 2158 2416 novem-

1267 2437 1314 2459 bre
1327 2445 1331 2460 :
1354 2436 1397 2459 nel
1418 2436 1500 2467 quale
1521 2438 1581 2460 atto
1601 2435 1645 2459 del
1669 2442 1701 2467 24
1714 2434 1728 2459 ὲ
1742 2443 1793 2467 pur
1808 2435 1952 2459 ricordato
1965 2441 2044 2458 come
2058 2435 2079 2459 il
2094 2442 2158 2467 pro-

1267 2479 1394 2501 curatore
1414 2486 1430 2500 ο
1451 2478 1561 2501 sindico
1581 2478 1626 2501 del
1646 2484 1764 2501 comune
1783 2477 1811 2500 di
1832 2476 1932 2500 Parma
1960 2476 2079 2500 Alberto
2099 2474 2160 2500 Go-

1268 2518 1332 2542 relli
1351 2526 1446 2542 avesse
1465 2521 1626 2551 presentato
1649 2519 1776 2542 “dictam
1790 2518 1936 2542 civitatem
1950 2520 1978 2541 et
1997 2518 2157 2542 districtum

1270 2561 1319 2585 “et
1349 2561 1506 2584 dominium
1534 2560 1691 2584 earumdem
1712 2561 1766 2592 ipsi
1798 2560 1913 2583 domino
1937 2559 2096 2583 Marchioni
2129 2561 2157 2582 in

1270 2603 1410 2626 “civitate
1430 2602 1554 2629 Mutine:
1575 2604 1602 2626 et
1622 2602 1808 2633 acceptaverit
1827 2603 1854 2624 et
1875 2602 2009 2632 receperit
2030 2602 2088 2632 ipse
2107 2600 2156 2624 do-

1270 2652 1281 2659 *
1294 2648 1386 2670 minus
1401 2646 1528 2670 Marchio
1542 2648 1668 2678 graciose
1679 2646 1782 2669 dictam
1794 2646 1939 2669 civitatem
1954 2647 1982 2668 et
1995 2645 2155 2669 districtum

1271 2692 1281 2699 “
1295 2691 1320 2711 et
1335 2688 1492 2711 dominium
1512 2688 1678 2717 earumdem⁷
1695 2688 1777 2719 prout
1791 2688 1818 2710 et
1830 2687 1901 2710 sicut
1915 2686 1945 2709 in
1961 2686 2157 2710 instrumentis

1271 2735 1281 2743 ⁸·
1301 2732 1366 2754 inde
1386 2731 1468 2754 factis
1489 2737 1536 2762 per
1556 2731 1661 2754 dictum
1682 2728 1853 2752 Andriolum
1875 2729 2018 2752 notarium
2028 2745 2053 2759 „-

1356 2772 1366 2787 ¹¹
1390 2773 1486 2796 Ant-he
1506 2774 1552 2803 qui
1574 2772 1639 2796 cade
1660 2779 1714 2795 una
1734 2772 1815 2795 breve
1835 2771 1943 2799 lacuna,
1957 2771 2006 2794 che
2021 2778 2054 2794 va
2075 2772 2156 2794 riem-

1268 2816 1327 2845 pita
1339 2822 1391 2837 con
1403 2815 1429 2838 le
1443 2814 1538 2846 parole
1553 2814 1596 2838 del
1611 2814 1754 2837 Murano:
1771 2814 1783 2825 “
1795 2815 1821 2836 et
1836 2813 1880 2836 die
1892 2821 1908 2836 x
1924 2813 2083 2836 novembris
2094 2819 2154 2844 pre-

1271 2857 1387 2880 “sactus
1415 2856 1541 2880 Marchio
1570 2857 1623 2879 ivit
1650 2856 1775 2879 Parmam
1803 2862 1863 2878 cum
1888 2855 2024 2886 prefactis
2052 2854 2153 2878 nobili-

1271 2899 1344 2922 “bus
1373 2902 1399 2922 et
1426 2899 1470 2922 die
1498 2900 1524 2921 xi
1555 2898 1674 2922 intravit
1703 2897 1829 2921 Parmam
1849 2899 1876 2920 et
1898 2897 1952 2920 fuit
1973 2904 2034 2921 cum
2053 2903 2155 2928 magna

1269 2942 1280 2952 ⁶·
1294 2947 1395 2971 pompa
1416 2942 1582 2971 receptatus.
1601 2943 1627 2963 et
1647 2942 1713 2963 tunc
1735 2941 1763 2962 in
1784 2940 1866 2962 nocte
1887 2939 1943 2962 fuit
1965 2946 2082 2970 magnus
2102 2941 2155 2962 ter-

1268 2983 1278 2993 ⁴⁴
1293 2985 1414 3005 remotus
1426 2999 1449 3012 Π.

1780 564 1880 594 Tunc
1898 563 1954 594 die
1971 564 2070 594 lunae
2086 563 2144 606 viij
2172 562 2189 594 5

2179 825 2216 856 10

2180 1088 2216 1119 15

2178 1353 2219 1383 20

2187 2062 2218 2088 35

2187 2273 2222 2300 40

2187 2484 2219 2510 45

2187 2694 2222 2719 50

2188 2905 2218 2931 55
