2318 3603
143 449 190 467 λΙί
236 450 274 467 61.

149 1724 167 1738 c.
182 1719 226 1736 tw

280 2290 310 2307 10

282 2708 313 2724 io

907 220 1224 256 CHRONICON
1253 222 1566 259 MUTINENSE
1986 234 2037 266 [Α.
2058 235 2149 265 1354}

345 293 456 300 -....-=....;.
463 294 666 301 .......*.......-...‚.;.
673 295 767 302 ...i-..un
770 295 2130 308 ....................................................................................................................................................

411 339 511 370 Anno
529 340 664 371 Domini
681 340 855 383 M.cccliiij
874 341 1046 373 indicione
1063 341 1106 382 vij
1125 342 1181 372 die
1200 342 1375 374 dominico
1391 345 1446 386 xvj
1465 344 1638 381 februarii,
1657 356 1732 375 cuni
1751 345 1907 377 dominus
1924 346 2025 378 Canis
2043 347 2151 379 Gran-

324 391 376 423 dis
392 392 483 435 della
501 392 601 424 Scala
618 392 775 424 dominus
799 393 946 425 civitatis
970 394 1131 425 Veronae
1149 405 1224 425 cum
1242 395 1474 435 stipendiariis
1489 385 1759 437 suis‘cquitasset
1777 398 1822 429 ad
1838 404 1983 429 castrum
2001 399 2152 431 piscarie

328 443 510 475 comitatus
534 445 708 482 Veronae,
723 445 888 477 domi'nus
910 447 1107 488 Fregnanus
1122 447 1227 477 frater
1245 447 1393 478 carnalis
1411 448 1493 479 dicti
1511 449 1613 480 Canis
1630 449 1721 481 della
1738 450 1840 481 Scala
1858 461 1934 481 cum
1953 451 2152 492 quibusdam

323 496 544 537 popularibus
561 496 676 528 dictae
695 497 841 532 civitatis
858 504 891 529 et
908 498 982 529 aliis
997 499 1065 529 suis
1082 498 1202 530 amicis
1220 499 1486 531 circumiverunt
1503 501 1627 532 dictam
1647 502 1821 533 civitatem
1847 510 1880 533 et
1904 503 1999 534 dicto
2017 503 2153 535 domino

324 548 410 580 Cani
436 548 529 580 dicto
555 549 611 580 die.
628 550 683 592 xvj
711 549 875 582 februarii
901 551 1092 582 dominium
1118 557 1342 592 acceperunt;
1368 558 1401 582 et
1425 558 1507 584 tunc
1532 554 1688 585 dominus
1713 554 1882 585 Feltrinus
1906 555 1948 586 de
1979 556 2152 599 Goncaga,

323 611 410 631 unus
433 610 475 632 ex
501 601 646 633 dominis
670 599 818 634 civitatis
839 602 1015 639 Mantuae,
1034 612 1110 633 cum
1135 603 1210 633 aliis
1227 603 1270 634 de
1289 604 1390 635 domo
1407 614 1466 635 sua
1482 611 1515 636 et
1532 615 1608 636 cum
1628 606 1764 637 domino
1788 606 1896 637 Paulo
1915 607 1957 638 de
1976 607 2007 638 la
2022 607 2153 638 Miran-

326 653 404 684 dula
421 659 454 684 et
472 664 548 685 curn
572 655 677 685 multa
701 661 814 696 gente,
833 661 865 687 et
883 655 1039 686 dominus
1062 656 1232 698 Ugolinus
1249 655 1305 696 [de
1323 656 1532 698 Savignano]
1557 669 1632 689 cum
1649 664 1750 701 gente
1768 669 1828 689 sua
1843 658 1900 699 [et]
1918 659 2046 692 domini
2062 659 2153 691 Mar-

324 705 456 737 chionis
480 706 615 737 iverunt
639 717 756 737 omnes
772 708 809 738 in
825 707 989 738 auxilium
1010 708 1093 739 dicti
1110 708 1240 738 domini
1257 708 1429 750 Fregnani
1447 709 1483 739 in
1500 709 1637 741 civitate
1655 711 1828 748 Veronae,
1846 712 1890 743 ad
1906 711 2154 752 beneplacitum

325 758 429 799 ipsius
453 758 581 790 domini
605 760 777 801 Fregnani
802 771 837 791 se
855 766 889 792 et
904 771 964 791 sua
981 760 1087 791 libere
1105 761 1302 792 offerentes.
1347 762 1390 792 Et
1407 761 1461 793 die
1479 762 1595 793 martis
1611 774 1676 794 xxv
1693 764 1855 795 februarii
1873 764 1984 796 dictus
2001 763 2156 796 dominus

325 810 428 842 Canis
452 822 529 842 cum
553 818 655 854 gente
679 823 739 843 sua
763 818 796 844 et
820 823 896 844 cum
922 813 1084 844 omnibus⁴
1108 813 1177 844 suis
1201 819 1234 845 et
1265 814 1390 845 auxilio
1423 815 1647 856 quorumdam
1672 816 1796 847 civium
1831 817 1976 848 civitatis
1998 817 2157 848 Veronae

326 875 390 904 per
413 863 482 894 vim
506 870 639 905 portam
665 866 812 897 civitatis
836 871 886 897 est
909 866 1083 908 ingressus
1109 876 1186 897 cum
1209 866 1403 898 intrinsecis
1426 867 1552 898 acriter
1575 868 1778 909 praeliando
1795 876 1828 901 et
1844 870 1999 901 inimicos
2014 869 2159 900 viriliter

327 917 593 957 prosternendo;
626 917 674 949 'in
699 928 766 960 quo
790 918 921 960 praelio
946 924 979 949 et
1003 925 1113 961 strage
1139 919 1251 950 dictus
1279 920 1439 950 dominus
1470 921 1498 951 F
1501 930 1670 962 regnanus
1694 920 1753 961 [et]
1778 922 1934 953 dominus
1966 921 2090 953 Paulus
2114 921 2156 952 de

325 968 523 1001 Mirandula
547 970 706 1003 obierunt
730 977 763 1002 et
786 971 885 1002 multi
910 972 1001 1003 cives
1024 972 1162 1003 fuerunt
1186 972 1309 1013 laqueo
1333 973 1499 1013 suspensi,
1517 979 1550 1004 et
1566 974 1724 1004 dominus
1740 974 1767 1004 F
1771 974 1909 1006 eltrinus
1926 975 1983 1015 [et]
2001 973 2160 1006 dominus

325 1021 496 1063 Ugolinus
519 1023 562 1054 de
587 1023 782 1066 Savignano
807 1025 946 1056 fuerunt
971 1025 1064 1065 capti
1081 1030 1114 1056 et
1130 1024 1165 1055 in
1183 1024 1378 1056 carceribus
1401 1025 1462 1056 sub
1486 1025 1555 1057 fida
1573 1026 1726 1057 custodia
1743 1027 1914 1064 custoditi,
1932 1033 1965 1058 et
1982 1032 2058 1068 post
2075 1027 2160 1058 duos

325 1083 460 1105 menses
482 1075 537 1106 vel
562 1076 654 1107 circa
677 1077 816 1108 fuerunt
839 1076 981 1108 relaxati
1007 1082 1041 1108 et
1063 1078 1108 1108 ad
1140 1077 1280 1117 propria
1312 1078 1487 1109 redierunt
1502 1078 1522 1109 ¹.
1568 1078 1669 1109 Dicto
1701 1079 1880 1110 millesimo
1904 1079 1947 1121 xij
1973 1079 2053 1110 maii
2077 1080 2162 1110 hora

2184 816 2221 847 10

326 1126 451 1167 quinta,
477 1127 521 1158 de
544 1128 637 1160 horis
660 1128 898 1171 inaequalibus
922 1129 1110 1161 secundum
1135 1139 1244 1160 meam
1270 1129 1478 1170 opinionem,
1502 1130 1666 1162 satellites
1691 1136 1725 1162 et
1748 1131 1860 1162 sicarii
1879 1131 2103 1163 bononienses
2126 1131 2159 1161 in
2200 1136 2203 1138 “

328 1185 440 1211 castro
467 1180 683 1212 Nonantulae
702 1181 890 1213 'existentes
923 1182 1163 1223 equitaverunt
1193 1182 1228 1212 in
1260 1182 1430 1214 territorio
1462 1183 1644 1214 mutinensi
1677 1190 1805 1215 armata
1835 1194 1938 1214 manu
1970 1184 2014 1215 ad
2045 1184 2159 1214 villam

328 1232 470 1275 Saliceti
496 1233 540 1264 de
563 1232 711 1265 Panario
734 1240 767 1265 et
791 1244 897 1276 usque
921 1235 966 1266 ad
991 1234 1154 1266 Sanctum
1170 1234 1341 1277 Lacarum
1358 1244 1473 1266 omnes
1490 1234 1596 1266 boves
1615 1242 1647 1266 et
1665 1236 1777 1267 omnia
1794 1236 1951 1267 animalia
1968 1236 2003 1266 in
2028 1235 2163 1277 pascuis

329 1285 512 1316 existentia
528 1285 748 1324 disrobando‚
765 1287 1020 1328 praedictorum
1038 1287 1191 1318 locorum
1209 1287 1363 1318 homines
1381 1287 1567 1328 capiendo:
1595 1294 1627 1319 et
1653 1289 1790 1329 incepta
1813 1288 1877 1320 fuit
1900 1298 2024 1330 magna
2040 1298 2163 1330 guerra

327 1337 416 1367 inter
439 1348 585 1369 comune
609 1338 763 1370 Mutinae
781 1346 814 1371 et
832 1339 1006 1371 dominum
1023 1339 1265 1370 Marchionem
1283 1351 1325 1370 ex
1340 1351 1406 1371 una
1424 1346 1519 1381 parte
1537 1347 1571 1371 et
1587 1351 1732 1372 comune
1750 1341 1923 1372 Bononiae
1941 1347 1973 1372 et
1990 1341 2161 1372 dominum

328 1389 640 1432 Archiepiscopum
664 1391 855 1424 Mediolani
880 1403 923 1423 ex
947 1392 1064 1428 altera,
1090 1398 1170 1422 tunc
1196 1392 1371 1423 dominum
1389 1393 1499 1424 dictae
1517 1393 1664 1424 civitatis
1680 1399 1713 1424 et
1730 1393 1906 1424 multarum
1932 1393 2075 1424 aliarum
2093 1392 2164 1424 exi-

327 1447 482 1474 stentem.
506 1443 609 1475 Dicto
624 1444 802 1475 millesimo
819 1444 877 1476 die
895 1444 1092 1484 domini[co]
1106 1444 1187 1487 xviij
1203 1445 1327 1475 mensis
1341 1445 1421 1475 maii
1435 1451 1509 1485 post
1527 1445 1669 1476 terciam
1687 1445 1856 1476 exercitus
1874 1445 2002 1477 domini
2018 1444 2164 1477 Archie-

326 1495 460 1536 piscopi
484 1495 676 1528 Mediolani
701 1497 796 1529 venit
820 1497 856 1528 in
881 1497 1063 1529 obsidione
1089 1497 1237 1528 civitatis
1261 1497 1417 1529 Mutinae
1442 1503 1475 1529 et
1493 1498 1650 1529 dominus
1667 1498 1870 1530 Franciscus
1888 1498 1931 1529 de
1949 1497 2165 1529 Castracanis

330 1555 402 1580 erat
425 1549 633 1590 Capitaneus
655 1551 827 1593 generalis
850 1557 884 1582 et
906 1551 951 1582 ad
974 1556 1113 1592 pontem
1138 1550 1181 1581 de
1207 1550 1315 1582 Situla
1338 1550 1397 1591 [et]
1421 1551 1538 1582 inillis
1554 1551 1705 1592 partibus
1722 1561 1879 1593 campum
1902 1551 1971 1582 sive
1988 1551 2167 1592 temptoria

330 1608 526 1643 posuerunt.
573 1602 618 1634 Et
643 1603 738 1634 dicto
764 1603 820 1635 die
846 1603 1003 1635 dominus
1028 1602 1200 1635 Galassius
1232 1604 1277 1635 de
1302 1603 1371 1635 Piis
1403 1604 1569 1635 revelavit
1600 1599 1695 1635 se'et
1719 1610 1864 1635 castrum
1891 1603 1995 1645 Carpi
2027 1604 2165 1635 domino

330 1654 525 1686 Marchioni
543 1661 577 1686 et
595 1655 731 1686 comuni
746 1655 912 1693 Mutinae,
930 1661 1031 1696 prout
1046 1656 1081 1686 in
1097 1656 1195 1687 litera
1211 1655 1413 1687 narrabatur
1430 1656 1565 1697 publice
1582 1662 1620 1692 et,
1631 1662 1758 1698 aperte,
1775 1662 1807 1688 et
1823 1657 1858 1687 in
1877 1656 1971 1688 dicta
1989 1655 2166 1688 obsidione

330 1708 483 1749 perrexit
508 1718 584 1739 cum
609 1708 764 1740 exercitu
787 1719 848 1740 suo
872 1714 905 1740 et
930 1719 1006 1740 cum
1030 1708 1144 1740 multis
1169 1708 1300 1740 civibus
1323 1708 1496 1741 Mutinae'
1520 1710 1563 1741 de
1588 1715 1685 1750 parte
1703 1720 1764 1740 sua
1780 1710 1838 1751 qui
1862 1710 1950 1740 clam
1966 1709 2010 1740 de
2027 1708 2168 1741 civitate

330 1761 484 1792 Mutinae
497 1768 713 1793 recesserunt
725 1761 747 1793 ².
793 1761 860 1793 Die
878 1761 1051 1794 dominico
1064 1759 1115 1777 ***
1128 1760 1139 1777 ³
1155 1761 1314 1793 Bernabb
1329 1762 1372 1793 de
1386 1760 1551 1799 Bononia,
1566 1763 1624 1803 qui
1638 1768 1710 1793 erat
1727 1762 1760 1792 in
1773 1762 1854 1793 villa
1867 1761 2086 1804 Bacovariae,
2103 1761 2168 1792 tuit

426 1886 444 1901 1.
461 1886 500 1909 vxj
514 1886 582 1903 corr.
604 1879 696 1909 Mun-3
710 1879 726 1904 8
739 1879 782 1907 A..
797 1881 858 1909 Cr.;
872 1888 913 1902 ma
934 1880 979 1902 nel
994 1885 1060 1909 1354
1080 1886 1192 1903 correva
1207 1879 1364 1903 l'indizione
1377 1880 1482 1903 scttima
1496 1891 1506 1896 -
1522 1879 1565 1903 die
1579 1879 1723 1903 dominico
1738 1885 1787 1910 va
1801 1879 1937 1903 februarii
1952 1878 1992 1909 A,
2006 1878 2091 1906 Mun„
2107 1878 2167 1907 Cra,

331 1921 355 1944 il
373 1921 438 1944 Chr.
461 1921 529 1949 Est,
549 1921 609 1951 478,
623 1921 694 1944 dice:
708 1921 754 1945 dle
768 1921 912 1945 dominico
932 1927 982 1944 xm
996 1921 1099 1944 mensis
1114 1921 1208 1944 martii
1223 1930 1235 1944 e
1248 1925 1323 1945 tanto
1336 1921 1510 1952 nclscbbraio
1524 1922 1567 1944 clm
1580 1922 1623 1943 nel
1634 1928 1724 1945 marzo
1734 1921 1854 1951 ‹iel1354
1868 1921 1892 1944 il
1902 1921 1974 1951 tofa
1987 1920 2121 1944 dome-nica
2136 1933 2166 1937 ·-

334 1962 565 1994 2.cu1nstipend.
580 1963 637 1986 suis
657 1970 705 1987 om.
720 1963 807 1992 Mum,
829 1964 874 1988 Cr.
890 1976 923 1980 —
936 1969 992 1994 2-3.
1013 1962 1047 1985 ad
1068 1963 1247 1985 castrum...
1269 1961 1408 1993 Veronae]
1429 1962 1461 1985 ad
1484 1964 1575 1994 partes
1595 1962 1763 1986 Germaniae
1776 1963 1863 1990 Mun..
1887 1962 1929 1986 Cr.
1952 1976 1983 1978 v
2004 1969 2027 1993 3.
2047 1961 2169 1986 carnalis

335 2003 347 2025 >¹
367 2012 437 2028 corr.
457 2003 560 2028 d’altra
580 2012 657 2028 mcmo
677 2004 763 2033 (forse
781 2006 804 2029 il
821 2004 1006 2034 PcHicciarff)
1025 2011 1054 2027 su
1073 2004 1211 2035 generalis
1239 2008 1350 2028 russato.
1378 2017 1409 2021 —
1437 2012 1460 2034 4.
1482 2005 1632 2028 curuerunt
1657 2005 1704 2033 Ac,
1726 2007 1934 2028 cucurrercrunt
1960 2004 2048 2034 Mum,
2071 2003 2113 2028 Cr.
2135 2017 2167 2022 --

335 2052 358 2076 7.
378 2047 411 2069 dc.
433 2047 594 2077 Savignano
615 2047 757 2077 aggiungo
771 2050 824 2077 per
847 2047 1004 2075 chiarezsa5
1023 2046 1060 2078 cf:
1079 2049 1141 2069 nuta
1159 2053 1175 2069 J
1195 2059 1206 2063 -
1224 2047 1251 2069 et
1277 2046 1342 2077 dopo
1360 2053 1409 2070 sua
1436 2055 1504 2077 agg.
1531 2046 1616 2074 Mun..
1639 2048 1683 2070 Cr.
1705 2059 1735 2062 ff
1756 2045 1780 2069 8.
1799 2047 1828 2069 et
1846 2053 1906 2069 cum
1927 2052 2022 2069 omnes
2046 2044 2110 2069 siins
2139 2046 2167 2071 in

335 2088 441 2111 anxilio
461 2088 509 2117 A.;
528 2089 555 2110 et
574 2096 634 2111 cum
656 2088 762 2112 auxilio
785 2089 870 2112 Mun..
893 2090 938 2112 Cr.
951 2101 985 2104 —
1001 2094 1039 2111 12.
1053 2088 1080 2110 et
1100 2087 1165 2117 dopo
1184 2087 1348 2118 Fregnanus
1367 2096 1434 2119 age.
1452 2089 1538 2116 Mun,
1560 2089 1605 2113 Cr.
1621 2102 1651 2104 —
1669 2094 1708 2117 13.
1723 2089 1751 2112 ct
1763 2087 1830 2118 dopo
1843 2087 1986 2110 Fvltrinus
1999 2094 2066 2117 agra
2082 2087 2168 2116 Mun„

337 2131 381 2153 Cr.
404 2144 433 2147 a
458 2128 495 2152 16.
516 2130 654 2153 sartalitos
673 2130 706 2153 A.
728 2143 759 2146 -
779 2137 818 2162 ²3·
840 2130 1021 2154 Castratariis
1042 2129 1076 2152 Α.
1095 2142 1128 2145 -
1148 2136 1188 2159 24.
1203 2130 1329 2160 pontem]
1345 2131 1454 2161 portam
1470 2131 1511 2159 .-1.,
1527 2130 1612 2158 Mun„
1634 2130 1677 2153 Cr.
1697 2141 1708 2147 ·

337 2173 382 2196 Cr.
402 2185 412 2188 -

1727 2130 1754 2153 et
1775 2130 1871 2152 avanti
1887 2136 1903 2151 α
1924 2130 1951 2151 in
1967 2136 2014 2151 om.
2027 2128 2069 2157 eL,
2084 2129 2168 2156 Μυκ..

433 2172 493 2195 sive
508 2173 690 2203 internptoria
709 2173 740 2194 A.
755 2185 788 2188 —-
804 2178 844 2201 27.
859 2179 921 2196 cum
932 2172 1028 2195 avanti
1039 2180 1055 2194 a
1068 2171 1191 2194 exercitu
1203 2178 1272 2195 corr.
1289 2171 1374 2201 Mum,
1391 2173 1450 2201 Cr.3
1466 2172 1494 2194 in
1509 2172 1540 2194 A.
1556 2185 1586 2187 —
1596 2170 1638 2195 28.
1654 2170 1777 2194 Bernaba
1787 2189 1791 2193 .
1801 2187 1820 2194 ..
1830 2188 1835 2193 .
1847 2172 1906 2193 erat
1921 2172 1949 2192 iu
1964 2178 2010 2192 nm.
2025 2170 2112 2199 Mun„
2124 2171 2168 2194 Cr.

427 2243 433 2259 ¹
456 2244 589 2275 Ugolino,
610 2244 687 2275 figlio
708 2245 735 2268 di
757 2243 903 2268 Giorrlano
924 2245 1001 2268 detto
1022 2243 1042 2266 il
1069 2244 1173 2271 Boicta,
1195 2243 1228 2266 da

338 2286 501 2317 savignano
520 2294 565 2310 era
587 2288 690 2311 andato
717 2295 731 2311 a
758 2287 877 2311 Verona.
905 2287 1084 2309 condottiero
1110 2286 1152 2309 dei
1175 2285 1227 2308 sol-

339 2330 395 2352 dati
414 2330 515 2353 inviati
531 2330 565 2352 da
577 2329 795 2353 Aldrovandino
809 2329 846 2352 ῘΠ
862 2337 876 2352 a
890 2329 1033 2360 Frignano
1048 2328 1121 2351 della
1140 2327 1228 2353 Scala,

1284 2244 1351 2267 diuo
1373 2244 1422 2267 Pio
1443 2253 1456 2268 e
1484 2244 1718 2275 saccheggiarono
1745 2243 1769 2266 le
1791 2245 1861 2266 terre
1882 2250 1895 2266 a
1917 2242 2042 2265 nord—est
2063 2242 2089 2265 di
2112 2241 2170 2265 Mo-

1283 2285 1361 2308 dcna.
1400 2285 1514 2309 Intanto
1536 2284 1688 2307 Francesco
1709 2284 1880 2309 Casu-anani,
1902 2290 1952 2305 con
1975 2289 2044 2314 ²500
2057 2282 2171 2306 baa-bute

1283 2335 1296 2350 c
1318 2326 1403 2350 “cum
1430 2328 1532 2357 grande
1556 2329 1637 2357 gente
1663 2327 1695 2350 (le
1722 2327 1849 2356 pedoni„
1871 2325 1929 2356 (Cr.
1957 2324 2000 2348 del
2023 2323 2171 2355 VlLLoLA),

339 2378 387 2401 per
407 2371 547 2394 abbattere
575 2371 742 2400 Cangrande
768 2371 800 2396 ΙΙ,
828 2372 862 2395 da
889 2378 959 2401 poco
982 2371 1096 2393 assunto
1117 2369 1173 2393 alla
1193 2370 1227 2392 si-

339 2413 438 2443 gnoria
460 2412 533 2435 della
554 2410 637 2435 sitta:
657 2413 723 2435 ebbe
743 2412 832 2436 molta
852 2413 930 2443 parte
951 2411 1024 2435 nelle
1045 2411 1159 2434 vicenae
1179 2411 1227 2433 mi-

340 2455 415 2478 litari
438 2454 480 2477 del
503 2462 552 2477 suo
572 2456 674 2485 tempo.
695 2462 801 2485 sempre
833 2454 920 2478 fedele
941 2453 995 2484 agli
1026 2452 1150 2477 Estensi:
1172 2452 1228 2475 fece

298 2506 309 2520 ,π
340 2497 506 2520 testamento
528 2496 571 2519 nel
596 2495 669 2527 1383,
689 2497 805 2520 essendo
827 2496 941 2520 vecchio
955 2503 968 2519 e
989 2496 1072 2522 cieco,
1095 2494 1227 2517 “occulo-

341 2537 425 2561 “rum
448 2539 556 2561 visione
583 2545 703 2567 carens„
731 2537 835 2569 (Auen.
856 2543 944 2561 naua
972 2536 1228 2560 Commi-:nmmum

339 2585 371 2602 m
389 2577 498 2602 cnmrix
518 2586 548 2603 in-
568 2579 718 2610 Memmii).

427 2620 437 2636 ’Ζ
456 2621 487 2644 Ιη
509 2619 617 2651 s‘eguito
638 2621 692 2644 alla
712 2621 773 2651 lega
795 2623 891 2645 stretta
912 2628 926 2644 a
948 2621 1138 2651 Montagnnna
1161 2619 1180 2642 il
1195 2626 1228 2650 30

341 2662 429 2692 aprile
449 2662 490 2685 fra
510 2661 638 2687 Venezia.
667 2663 671 2684 i
701 2662 851 2686 Carraresi.
878 2662 916 2693 gli
941 2661 1050 2684 Estensi
1072 2668 1086 2684 e
1105 2660 1144 2691 gli
1165 2660 1227 2684 Sca-

342 2704 431 2735 ligeri,
460 2703 658 2728 Parcivescovo
687 2705 812 2728 visconti
838 2705 893 2727 fece
914 2711 1042 2727 muovere
1066 2703 1091 2726 le
1112 2711 1157 2726 sue
1178 2703 1226 2725 mi-

341 2746 405 2769 lizie
425 2748 524 2770 contro
546 2746 564 2768 il
580 2747 741 2770 Modenese:
762 2747 796 2770 da
816 2746 950 2777 Bologna,
971 2747 1014 2769 sin
1035 2745 1080 2769 dal
1105 2752 1135 2768 ιο
1154 2752 1226 2775 mag-

341 2789 388 2817 gio
410 2789 430 2811 si
453 2795 604 2818 preparava
625 2796 660 2811 un
682 2789 798 2811 esercito
813 2795 860 2819 per
875 2788 988 2811 assalire
1002 2787 1027 2811 le
1041 2790 1111 2811 terre
1125 2787 1225 2810 estensi

344 2828 558 2858 (cs.SoRBELL1.
578 2831 620 2854 La
648 2830 776 2861 Signoria
802 2830 832 2853 dt*
862 2830 890 2852 (i.
926 2829 1042 2859 Vise-nuti,
1070 2836 1096 2860 p,
1123 2828 1198 2859 474):
1220 2829 1224 2850 i

344 2869 355 2879 ‘¹
370 2868 505 2892 satellites
524 2871 551 2891 et
571 2870 663 2892 sicarii
685 2869 876 2892 Bononienses
888 2886 911 2898 n·
927 2866 986 2891 cio'e
1000 2868 1038 2899 gli
1061 2868 1225 2898 stipendiari

287 2918 312 2941 ‘3
343 2911 391 2934 che
413 2912 418 2933 i
441 2912 569 2934 visconti
591 2913 729 2934 tem-vano
751 2912 778 2933 in
798 2910 961 2934 Nonantola
982 2910 1052 2933 totta
1074 2911 1098 2933 ai
1121 2909 1227 2940 Pepoli,

344 2955 473 2977 invnsoro
495 2953 513 2976 il
534 2954 678 2977 territorio
698 2954 724 2976 di
751 2953 869 2976 Modena
899 2953 1024 2975 condotti
1053 2952 1086 2975 (la
1114 2952 1227 2975 Bernar—

1283 2370 1412 2393 arrivava
1432 2369 1506 2393 dalla
1527 2370 1604 2400 parte
1624 2369 1650 2391 di
1672 2368 1770 2393 Parma
1790 2376 1804 2391 a
1825 2367 1944 2391 Modena
1966 2366 1984 2389 il
2008 2365 2038 2389 18
2057 2367 2170 2397 maggio

1283 2419 1296 2434 c
1317 2412 1343 2434 vi
1366 2412 1387 2433 si
1409 2419 1517 2442 pones-a
1537 2420 1551 2434 a
1572 2417 1678 2441 campo,
1698 2409 1741 2433 nel
1762 2409 1893 2432 suburbio
1914 2416 1927 2431 a
1949 2408 2040 2431 dcstra
2060 2408 2086 2431 di
2108 2401 2169 2431 Sec-

1284 2453 1354 2476 chia.
1391 2452 1541 2476 L'esercito
1562 2454 1709 2483 preparato
1731 2452 1758 2474 in
1779 2451 1914 2481 Bolognzn
1934 2450 2038 2480 partito
2053 2450 2081 2473 di
2102 2447 2130 2473 la
2150 2449 2170 2472 il

1287 2501 1314 2524 13
1342 2495 1452 2525 maggio
1480 2494 1505 2518 al
1533 2494 1669 2517 comando
1695 2493 1721 2516 di
1751 2493 1823 2515 Azzo
1854 2491 1934 2522 (altre
1964 2491 2036 2514 fonti
2067 2491 2170 2514 dicono

1282 2536 1415 2565 Albizzo)
1430 2536 1503 2567 degli
1519 2535 1662 2560 Ubaldini.
1677 2533 1758 2565 passo
1780 2533 1799 2556 il
1814 2534 1921 2557 Panaro
1942 2532 1997 2556 alla
2018 2532 2170 2556 (sorticella

1283 2578 1309 2599 ‹li
1334 2577 1425 2600 fronte
1452 2585 1466 2601 a
1491 2576 1545 2600 San
1574 2576 1688 2600 Cesario
1715 2584 1728 2599 e
1755 2577 1776 2598 si
1805 2572 1936 2605 accampb
1963 2575 1996 2598 ad
2026 2574 2169 2601 Albareto.

1284 2620 1295 2630 ‘¹
1310 2620 1354 2642 die
1379 2619 1461 2642 lunae
1488 2620 1612 2650 sequenti
1625 2635 1647 2648 υ,
1674 2618 1722 2641 che
1743 2625 1798 2640 non
1819 2615 1884 2648 pot'c
1910 2624 1997 2639 essere
2021 2623 2048 2639 se
2072 2624 2127 2639 non
2150 2616 2168 2639 il

1286 2668 1316 2687 ιι)
1336 2662 1455 2691 inaggio.
1470 2659 1577 2691 poiche.
1591 2668 1667 2683 come
1682 2660 1809 2683 abbiamo
1830 2659 1863 2682 da
1878 2665 1913 2681 un
1930 2659 2097 2682 documento
2113 2658 2169 2682 uffi-

1283 2702 1352 2725 cialc
1367 2702 1406 2732 (in
1422 2702 1571 2727 Sumam.
1586 2705 1625 2732 op.
1646 2701 1698 2731 cit„
1715 2708 1740 2731 p.
1762 2699 1831 2732 492),
1846 2701 1979 2723 rimasero
1996 2701 2002 2722 i
2018 2699 2168 2731 Bolognesi

1284 2745 1325 2768 sul
1337 2746 1481 2768 territorio
1492 2745 1519 2768 di
1533 2744 1652 2768 Modena
1666 2751 1720 2767 una
1736 2744 1882 2766 settimana
1898 2743 1922 2773 (⁰
1936 2749 1986 2773 pro
1998 2745 2061 2766 octo
2074 2742 2170 2766 diebus

1285 2787 1297 2798 ‘¹
1309 2787 1409 2817 quibus
1424 2788 1560 2816 steterunt
1576 2787 1602 2809 in
1624 2787 1715 2817 primo
1735 2786 1858 2808 exercitu
1871 2785 1943 2808 ultra
1964 2784 2122 2808 Scoltenam
2134 2783 2170 2814 υ),

1282 2827 1342 2851 (iob
1361 2828 1435 2851 dalla
1456 2829 1600 2852 domenica
1625 2827 1654 2851 18
1674 2828 1786 2858 maggio
1808 2826 1862 2850 alla
1884 2827 2038 2849 successiva
2063 2826 2106 2849 del
2129 2829 2169 2855 25.

1283 2868 1364 2892 Circa
1379 2869 1405 2892 la
1420 2869 1568 2893 ribellione
1582 2869 1608 2892 di
1627 2868 1708 2899 Carpi
1725 2868 1759 2891 cs.
1774 2867 1886 2892 TIRAB..
1901 2868 1980 2890 Mem.
1995 2870 2035 2897 ΧΑ,
2051 2867 2096 2892 ΙΙΙ,
2112 2866 2151 2890 28.

1369 2908 1380 2924 ³
1400 2908 1455 2938 Qui
1477 2911 1542 2934 cade
1562 2911 1632 2934 assai
1654 2909 1876 2941 probabilmcntc
1902 2917 1955 2932 una
1977 2910 2085 2937 lacuna,
2113 2916 2168 2932 non

1284 2952 1352 2978 solo,
1369 2959 1410 2975 ma
1425 2954 1522 2983 questo
1543 2959 1624 2975 nome
1638 2952 1664 2974 di
1683 2954 1694 2963 *⁴
1709 2949 1833 2974 Bernaba
1848 2951 1880 2974 de
1895 2951 2022 2974 Bononia
2036 2968 2047 2977 „
2065 2958 2119 2973 non
2135 2944 2177 2974 ha*

2186 1341 2228 1371 ΖΟ

2189 1602 2230 1634 25

2200 2371 2233 2397 30

2198 2583 2231 2608 35

2198 2792 2232 2816 40
