2370 3603
47 816 84 847 10

46 1077 82 1110 15

43 1343 83 1372 20

40 1603 80 1636 25

49 2291 115 2317 xo⁴

51 2507 79 2530 15

51 2716 85 2734 20

54 2925 83 2949 25

112 227 406 259 [AA.1350-1³571
725 219 987 254 IOHANNIS
1016 220 1083 254 DE
1114 219 1332 253 BAZANO

109 290 1931 301 ..........................................................................................................................................................................................................

110 341 277 373 vulnerati
290 347 324 372 et
337 342 460 372 mortui
477 342 615 372 fuerunt
631 351 736 383 usque
751 351 836 377 ccc„
850 347 951 382 prout
965 340 1008 372 ab
1019 341 1224 372 instantibus
1238 340 1449 372 narrabatur.
1475 340 1576 371 Dicto
1590 339 1768 370 millesimo
1783 338 1838 370 dic
1854 338 1938 368 iovis

109 394 139 435 vj
165 393 314 426 octobris
337 404 465 425 summo
489 405 587 425 mane
611 393 807 435 [exercitus]
830 394 894 425 tria
918 393 1012 425 milia
1044 394 1184 424 militum
1209 399 1243 424 et
1266 394 1354 424 ultra
1378 399 1606 436 congregatus
1630 391 1741 432 pridie
1766 390 1800 421 in
1827 390 1941 431 burgis

109 446 255 478 civitatis
270 446 425 478 Mutinae
442 457 503 487 per
519 446 675 478 dominos
692 446 792 488 ligae,
810 445 963 486 [scilicet]
979 446 1046 477 duo
1059 446 1150 476 milia
1167 445 1290 476 milites
1308 445 1495 476 theutonici
1513 455 1654 486 quorum
1672 449 1774 484 caput
1789 450 1860 474 erat
1873 442 1940 473 Co-

109 510 180 531 mes
193 500 332 531 Landus
346 500 572 537 theutonicus,
586 499 645 540 qui
658 498 782 530 milites
795 499 998 530 dicebantur
1008 499 1055 530 ‘la
1067 509 1161 542 gram
1177 497 1390 540 Compagnia
1404 497 1423 534 ⁴,
1441 498 1602 529 conducti
1616 498 1660 528 ad
1674 498 1740 527 huc
1755 497 1799 528 ad
1812 496 1941 536 stipen-

110 552 204 584 dium
220 552 432 584 dominorum
451 552 538 595 ligae
555 551 598 583 de
615 551 768 592 partibus
784 551 950 592 Apuleae‚
970 558 1003 583 et
1020 551 1111 594 mille
1129 551 1252 582 milites
1267 562 1309 582 ex
1325 550 1480 591 partibus
1497 550 1608 581 dictae
1624 550 1724 590 ligae,
1740 550 1832 580 etita
1845 554 1940 580 erant

109 614 225 636 omnes
249 605 314 636 tria
337 605 429 636 milia
451 604 578 636 milites
601 610 635 635 et
658 604 757 641 ultra,
780 605 869 635 inter
893 615 980 645 quos
1005 610 1076 635 erat
1101 604 1237 645 quidam
1262 603 1320 644 qui
1347 602 1526 634 dicebatur
1550 612 1622 633 esse
1648 602 1807 632 vicarius
1832 602 1940 641 impe—

108 657 236 694 ratoris,
263 669 339 688 cum
365 657 478 688 multis
502 656 684 697 peditibus,
709 657 801 688 dicto
827 657 882 687 die
908 657 1004 694 iovis,
1023 657 1218 688 levaverunt
1236 667 1391 697 campum
1409 662 1443 687 et
1459 655 1698 697 equitaverunt
1722 665 1838 685 versus
1858 653 1941 685 civi-

102 716 210 741 *tatem
236 710 390 746 Parmae,
415 709 473 741 ubi
498 715 571 740 erat
596 710 767 740 exercitus
797 709 1024 746 inimicorum,
1049 715 1085 740 ut
1109 708 1244 750 publice
1277 708 1466 744 dicebatur,
1498 714 1617 749 postea
1650 707 1854 738 transierunt
1878 715 1941 746 per

109 769 216 794 terras
232 763 442 794 inimicorum
461 768 494 793 et
510 762 643 793 iverunt
660 762 693 792 in
713 762 872 795 districtu
886 762 1077 794 Mediolani
1093 761 1112 799 ¹,
1131 762 1282 802 undique
1302 760 1508 792 disrobando
1523 759 1598 791 ²5*
1622 759 1682 790 'Et
1699 766 1774 800 post
1798 758 1940 800 aliquod

108 822 240 856 tempus
262 814 540 846 Mediolanenses
564 821 731 856 ceperunt
753 815 904 846 relaxare
930 815 1041 846 dictos
1066 815 1222 856 captivos
1253 814 1416 855 paulatim
1448 824 1564 844 omnes
1590 819 1725 853 praeter
1758 810 1937 842 Vica'rium

109 868 237 899 domini
262 867 490 908 Imperatoris,
516 873 550 898 et
574 867 622 898 ita
646 867 777 899 refecta
794 874 828 899 et
843 867 983 899 condita
1000 868 1065 898 tuit
1082 867 1174 898 dicta
1190 866 1404 908 Compagnia
1419 866 1453 896 in
1471 865 1567 897 terris
1584 865 1798 895 Marchionis
1815 863 1943 895 Montis

108 920 222 952 Ferati
247 920 305 962 qui
331 930 407 950 cum
432 920 481 951 eis
504 926 577 951 erat
600 920 633 950 in
661 920 745 962 liga;
772 926 804 951 et
828 927 946 961 postea
962 930 1052 951 anno
1070 919 1195 952 Christi
1220 918 1394 960 M.ccclvij
1413 919 1454 949 de
1472 929 1586 949 mense
1604 918 1688 959 iunij
1714 917 1812 948 rediit
1829 917 1941 947 dictus

109 973 265 1005 dominus
288 973 428 1004 Landus
452 983 527 1004 cum
553 973 645 1004 dicta
661 972 875 1015 Compagnia
892 982 979 1014 quae
997 978 1080 1009 erat,
1097 979 1133 1003 ut
1151 972 1338 1008 dicebatur,
1356 972 1423 1002 duo
1441 971 1546 1001 millia
1570 970 1711 1001 militum
1728 970 1781 1001 vel
1800 969 1891 1001 circa
1908 975 1941 1000 et

107 1026 288 1058 multorum
313 1025 477 1066 peditum,
503 1025 546 1056 ad
570 1031 686 1066 partes
709 1025 788 1056 istas
812 1025 954 1061 licentia
978 1025 1145 1057 dictorum
1171 1025 1389 1056 dominorum
1407 1030 1439 1055 et
1457 1023 1513 1054 die
1537 1034 1581 1054 xv
1597 1023 1678 1065 iunij
1706 1022 1856 1053 transivit
1879 1032 1940 1062 per

107 1078 316 1110 territorium
330 1078 486 1109 Mutinae
499 1078 544 1109 ad
558 1077 750 1109 districtum
767 1077 955 1116 Bononiae,
973 1077 1112 1117 [ibidem
1129 1076 1256 1118 plures]
1271 1077 1344 1108 dies
1357 1076 1576 1107 residentiam
1597 1076 1767 1109 faciendo,
1782 1074 1864 1105 nihil
1878 1074 1942 1105 nisi

108 1131 303 1162 victualiam
321 1130 532 1162 disrobando
545 1129 567 1162 ³.
613 1130 715 1162 Dicto
733 1130 913 1162 millesimo
929 1141 973 1160 xv
986 1130 995 1147 ⁴
1014 1130 1209 1162 novembris
1225 1130 1309 1161 hora
1327 1129 1484 1160 meridiei
1502 1128 1646 1170 populus
1660 1128 1803 1159 civitatis
1821 1128 1945 1158 Ianuae

107 1184 242 1224 accepit
259 1183 449 1214 dominium
467 1184 579 1214 dictae
604 1183 750 1215 civitatis
774 1183 913 1216 domino
937 1182 1095 1214 Bernabo
1119 1189 1151 1214 et
1175 1182 1315 1214 domino
1339 1181 1505 1223 Galeacio
1529 1181 1572 1212 de
1597 1180 1778 1211 Vescontis
1801 1179 1945 1211 dominis

106 1235 297 1268 Mediolani
314 1241 349 1266 et
373 1235 553 1267 multarum
578 1235 754 1267 civitatum
778 1235 1019 1272 Lombardiae,
1050 1235 1291 1276 stipendiarios
1315 1240 1348 1265 et
1372 1233 1535 1265 officiales
1566 1243 1644 1264 suos
1675 1232 1747 1263 sine
1774 1232 1944 1263 effusione

105 1288 278 1330 sanguinis
300 1287 524 1329 expellendo;
550 1294 584 1319 et
607 1288 718 1320 statim
742 1287 911 1329 praedicti
928 1288 972 1320 de
989 1287 1118 1328 populo
1135 1287 1259 1318 Ianuae
1277 1287 1434 1318 fecerunt
1452 1296 1554 1316 unum
1571 1285 1702 1316 Ducem
1722 1295 1814 1316 more
1833 1284 1946 1315 Vene-

107 1348 227 1377 torum,
251 1340 384 1371 scilicet
408 1340 581 1371 dominum
606 1340 779 1372 Simonem
805 1340 914 1372 civem
939 1340 1050 1371 dictae
1075 1339 1221 1370 civitatis
1235 1337 1255 1375 ⁵,
1274 1344 1306 1370 et
1330 1339 1377 1369 ita
1401 1338 1493 1369 dicta
1517 1338 1640 1369 civitas
1666 1338 1788 1368 Ianuae
1813 1343 1846 1368 et
1863 1337 1947 1367 aliae

106 1399 236 1435 septem
261 1393 419 1425 civitates
443 1394 556 1425 eidem
573 1394 702 1425 civitati
727 1393 925 1435 suppositae
950 1393 994 1424 ad
1018 1392 1181 1434 populum
1199 1392 1393 1427 redierunt;
1419 1397 1452 1422 et
1476 1391 1518 1422 de
1537 1390 1722 1432 praedictis
1740 1390 1832 1421 venit
1849 1390 1948 1420 litera

106 1447 260 1478 Mutinae
285 1447 342 1478 die
365 1447 433 1489 xxij
459 1447 582 1478 mensis
606 1446 802 1478 novembris
814 1445 836 1478 ⁶.

192 1499 295 1530 Anno
319 1499 447 1531 domini
471 1499 656 1541 M.ccclvij,
675 1499 848 1531 indicione
863 1510 885 1530 x
898 1499 955 1530 die
973 1499 1083 1540 primo
1100 1498 1226 1529 mensis
1242 1497 1327 1528 iunii
1341 1496 1351 1512 ⁷
1370 1497 1526 1528 dominus
1543 1497 1715 1528 Galassius
1733 1496 1773 1527 de
1788 1495 1855 1526 Piis
1872 1506 1947 1526 cum

106 1552 259 1584 exercitu
283 1552 497 1583 dominorum
523 1552 565 1583 de
590 1551 802 1588 Mediolano,
827 1552 885 1593 qui
910 1551 1081 1583 exercitus
1104 1556 1238 1592 poterat
1263 1559 1337 1581 esse
1362 1549 1457 1581 circa
1474 1549 1542 1580 duo
1560 1549 1652 1580 milia
1669 1548 1824 1585 militum,
1843 1554 1879 1578 ut
1897 1548 1948 1578 di-

106 1604 258 1641 cebatur,
283 1610 317 1636 et
340 1605 493 1646 peditum
516 1604 698 1637 multitudo
723 1614 857 1646 magna,
882 1604 974 1635 venit
998 1603 1033 1635 in
1056 1603 1228 1636 territorio
1261 1603 1415 1634 Mutinae
1440 1603 1485 1634 ad
1516 1608 1662 1632 castrum
1695 1600 1944 1642 Marcalearum

105 1663 138 1689 et
161 1657 290 1689 ibidem
314 1658 429 1698 plures
453 1657 526 1688 dies
550 1658 708 1695 tardavit,
733 1657 847 1688 omnia
870 1656 1019 1688 breviter
1044 1656 1252 1697 dissipando.
1300 1655 1423 1687 Postea
1440 1655 1484 1686 ad
1502 1660 1649 1686 castrum
1669 1653 1795 1685 Sassoli
1812 1662 1945 1695 gressus

198 1846 218 1863 1.
241 1839 395 1871 vulnerati]
415 1838 516 1864 lucrati
535 1839 577 1868 A,
597 1839 684 1867 Mum,
706 1841 765 1864 Cr:
784 1848 826 1864 ma
845 1847 893 1864 non
914 1839 948 1863 dci
966 1847 1038 1864 senso
1058 1852 1067 1856 -
1087 1839 1173 1871 iovis}
1194 1839 1273 1864 lunae
1292 1839 1334 1868 A„
1354 1839 1439 1867 Mun„
1464 1837 1520 1863 Cn:
1542 1845 1582 1860 ma
1602 1838 1625 1860 il
1641 1836 1723 1866 primo
1749 1835 1837 1859 lum-di
1857 1835 1886 1858 eli
1909 1838 1945 1858 ot-

107 1883 179 1909 tobre
191 1884 229 1916 ju
248 1884 272 1907 ¹'l
285 1891 304 1914 3
317 1892 330 1908 e
343 1885 367 1907 il
382 1884 398 1908 ό
416 1891 464 1909 era
476 1884 566 1909 invect
575 1884 700 1916 gs'ovedi,
717 1891 787 1911 come
799 1884 824 1908 lo
837 1887 918 1908 stesso
931 1885 1045 1909 crom‘sta
1064 1884 1148 1915 ripeta
1160 1883 1214 1915 pia
1232 1887 1309 1911 sotto,
1332 1884 1349 1907 l.
1369 1889 1403 1912 4⁰
1423 1896 1453 1899 —
1475 1889 1498 1905 2.
1520 1889 1598 1905 mane
1619 1881 1712 1904 dictus
1725 1882 1843 1909 quatuor
1859 1879 1947 1903 millia

105 1927 146 1955 A„
169 1928 228 1957 Cr.3
249 1935 329 1959 mane
349 1928 442 1953 dictus
461 1928 599 1957 exercitus
617 1928 672 1952 tria
691 1928 778 1959 millia
799 1928 889 1957 MUR.;
913 1929 941 1957 Ιᾳ
961 1928 1108 1956 conexione
1127 1928 1140 1950 ε’
1160 1929 1302 1960 sugg-erim
1332 1927 1368 1951 da
1392 1927 1428 1949 cib
1447 1927 1489 1950 che
1507 1934 1586 1959 segue
1606 1939 1638 1943 -
1658 1932 1681 1955 3.
1708 1925 1814 1948 seilicet
1836 1931 1884 1947 om.
1904 1923 1946 1952 A„

107 1972 166 1998 Cr.;
188 1971 265 1996 Mun.
293 1980 360 2004 agg.
380 1973 469 1997 invaece
497 1973 576 1997 erant
601 1972 675 1996 enim
702 1986 734 1989 —
763 1979 802 1996 10.
831 1970 952 2004 praeter]
973 1973 1088 2004 propter
1112 1972 1154 2000 A,
1181 1972 1266 2000 Mun„
1292 1972 1336 1994 Cr,
1364 1984 1394 1987 —-
1428 1977 1467 2002 15.
1499 1969 1641 1994 Bononiae
1660 1969 1695 1993 ad
1715 1969 1774 1991 dies
1794 1968 1835 1997 A„
1857 1968 1943 1995 Mum,

105 2016 148 2040 Cr.
171 2030 201 2032 —
225 2015 264 2041 16.
284 2017 444 2041 victualiter
463 2017 550 2046 Mun„
572 2017 616 2041 Cr.
636 2030 661 2035 —
681 2022 718 2047 17.
738 2017 791 2041 civ.
811 2023 862 2049 pro
877 2016 949 2040 dom.
963 2017 1004 2044 A„
1021 2017 1082 2043 Cr.;
1097 2024 1138 2039 ma
1151 2016 1175 2040 il
1185 2023 1236 2046 pro
1250 2016 1316 2039 dave
1329 2023 1420 2041 essere,
1434 2015 1561 2046 seguendo
1574 2015 1597 2037 il
1610 2013 1695 2039 Mum,
1711 2013 1846 2036 eliminato
1855 2011 1950 2041 perche*

105 2059 219 2085 l'au'one
233 2060 263 2085 di
279 2061 388 2085 Genava
396 2061 434 2092 su
446 2064 536 2087 cantro
550 2061 562 2083 ι’
579 2061 700 2088 νίποπεί,
714 2062 756 2086 cui
767 2061 804 2093 su
822 2061 889 2085 talto
903 2061 928 2084 il
939 2060 1053 2086 dominio
1067 2073 1077 2078 -
1090 2060 1251 2084 Barnabovi
1271 2059 1359 2088 Mup‚,
1381 2060 1424 2083 Cr.
1447 2072 1477 2075 -
1502 2058 1539 2082 15.
1562 2057 1658 2081 Lomb.
1673 2058 1699 2080 et
1720 2057 1783 2088 stip.
1798 2057 1830 2079 Α.
1851 2070 1882 2071 j
1904 2062 1943 2086 24.

105 2104 160 2128 duo
182 2104 271 2136 milia]
291 2104 344 2128 cosi
364 2104 452 2131 Mum:
475 2111 524 2129 200
544 2105 584 2133 A„
607 2106 666 2129 Cra:
688 2105 714 2128 Ia
734 2112 802 2128 corr.
822 2104 866 2130 dal
884 2105 958 2130 MUR.
978 2104 991 2126 ἑ
1011 2104 1046 2128 da
1059 2105 1204 2128 accettarsi
1221 2112 1288 2127 come
1302 2104 1352 2134 pu}
1371 2103 1527 2127 verosimile.

108 2207 230 2237 (T1RAB,‚
256 2209 332 2231 slsum.
353 2211 424 2237 star„
446 2208 491 2233 111.
515 2209 581 2239 172),
604 2216 659 2232 nun
681 2210 762 2231 trovo
790 2209 897 2232 notizia
925 2208 998 2232 nella

110 2250 227 2274 seconda
249 2247 320 2274 meta
339 2251 367 2273 di
389 2251 451 2281 quel
472 2250 574 2274 secolo.

196 2288 204 2306 ¹
225 2291 329 2319 Questa
350 2300 440 2318 mussa
461 2290 475 2316 ὲ
497 2294 628 2317 attestata
656 2292 741 2316 anche
762 2292 835 2317 dalle
855 2292 927 2316 fonti
954 2293 1000 2316 bo-

110 2332 217 2364 lognesi
238 2334 284 2365 (cf.
304 2334 489 2361 SmumoLm,
510 2337 549 2364 op.
570 2334 623 2363 cit..
645 2342 670 2365 p.
695 2339 749 2364 155·
773 2336 840 2358 nota
861 2334 895 2366 5).

196 2373 207 2389 ²
228 2376 294 2399 Pare
315 2378 390 2399 certo
418 2376 466 2399 che
491 2377 536 2406 qui
559 2377 580 2399 si
603 2376 682 2400 abbia
705 2384 758 2400 una
783 2376 889 2405 lacuna,
911 2374 959 2399 che
980 2376 1000 2399 il

111 2419 233 2441 cronista
256 2419 362 2442 doveva
384 2426 448 2442 aver
469 2420 620 2442 act-ennato
641 2418 694 2442 alle
715 2419 865 2449 posteriori
886 2419 1000 2442 vicenae

110 2459 182 2483 della
197 2458 273 2484 Gran
289 2459 472 2492 Compagnia,
488 2460 512 2484 la
524 2460 605 2491 quale
620 2458 720 2484 sverno
736 2462 778 2484 tra
793 2460 818 2484 la
834 2460 1000 2484 Lombardia

111 2509 124 2524 e
145 2501 164 2524 il
186 2502 360 2526 Monserrato
380 2510 393 2525 e
416 2503 445 2525 fu
470 2502 599 2526 sconfitta
626 2502 670 2525 dai
699 2501 843 2525 Viscontei
868 2501 1001 2531 (secondo

112 2543 133 2565 11
149 2544 240 2567 Chron.
250 2545 376 2574 placent„
394 2544 412 2566 il
431 2551 459 2575 13
474 2544 623 2567 novembre
638 2543 717 2574 1356:
733 2544 852 2567 secondo
864 2543 1000 2574 l‘Azario,

113 2585 140 2607 in
164 2585 225 2608 RR.
248 2586 285 2608 IL
307 2585 364 2611 SS..
385 2585 458 2611 XVI.
471 2591 522 2617 35²
536 2592 604 2616 sgg.,
620 2585 664 2608 nel
682 2584 766 2616 1357),
782 2584 926 2609 lasciando
947 2586 1001 2616 pri—

113 2627 233 2656 gionieri
256 2626 336 2650 molti
358 2627 401 2650 dei
423 2628 492 2656 suoi,
515 2627 564 2650 che
586 2626 688 2650 surono
709 2627 755 2657 poi
783 2626 893 2650 liberati
915 2634 962 2657 per
982 2627 1002 2650 il

113 2668 212 2690 timore
233 2667 301 2691 chei
318 2669 425 2699 signori
440 2669 467 2692 di
484 2668 593 2692 Milano
610 2668 710 2692 ebbero
721 2668 764 2691 dei
781 2669 901 2699 processi
918 2669 1002 2699 impe-

114 2708 176 2732 riali
207 2708 268 2733 loro
289 2709 423 2733 intentati
456 2711 490 2734 da
524 2710 660 2741 Astorgio
690 2709 863 2736 Marcoardo,
885 2716 1003 2733 vescovo

113 2744 268 2781 d'Augusta
281 2759 295 2774 e
308 2752 413 2776 vicario
426 2753 455 2775 in
467 2752 594 2776 Toscana
606 2759 653 2783 per
664 2751 856 2782 l'imperatore
866 2751 951 2775 Cario
966 2752 1003 2775 IV

114 2791 162 2822 (M.
183 2793 317 2818 V1LLAN1.
340 2795 392 2823 Cr„
414 2794 458 2823 VI,
481 2793 532 2825 76).

199 2832 210 2848 :³
231 2835 269 2859 La
289 2835 464 2867 Compagnia
485 2835 579 2860 ari-ivo
600 2836 644 2860 nel
672 2836 792 2859 contado
822 2837 849 2859 di
878 2836 1004 2866 Bologna

116 2876 135 2899 il
159 2883 187 2908 17
208 2877 355 2901 settembre
387 2884 452 2909 1357
481 2877 571 2907 (Crem.
600 2878 716 2905 miscell.‚
743 2878 773 2901 in
794 2879 858 2901 RR.
880 2879 918 2901 ll.
946 2878 1004 2907 SS„

115 2917 216 2947 xvffl,
239 2917 308 2947 ⁴45)-

203 2959 212 2974 ⁴
235 2960 317 2991 Dopo
338 2960 363 2984 la
384 2961 558 2991 digressione
577 2968 658 2993 sopra
679 2961 700 2984 11
716 2962 825 2985 ritorno
839 2961 914 2986 della
927 2960 1004 2984 Gran

1054 2207 1231 2239 Compagnia
1252 2208 1288 2230 ad
1303 2210 1396 2237 partes
1417 2207 1490 2231 :lx-tas,
1511 2207 1559 2229 elie
1582 2206 1610 2229 su
1625 2205 1669 2227 nel
1688 2211 1759 2235 1357,
1777 2204 1798 2226 il
1813 2203 1945 2227 cronista.

1055 2250 1185 2282 riprende
1208 2250 1225 2272 il
1248 2249 1295 2273 filo
1315 2249 1501 2279 cronologico
1522 2248 1565 2270 ‹lel
1594 2255 1644 2270 suo
1671 2247 1803 2270 racconto
1824 2253 1836 2268 e
1864 2250 1945 2268 torna

1056 2292 1082 2315 al
1104 2292 1177 2316 fatto
1198 2292 1226 2314 di
1247 2291 1367 2314 (J'cnova
1387 2289 1460 2314 all'a,
1486 2290 1557 2319 1356.

1998 816 2070 837 MVR,
2084 816 2123 834 620

1143 2330 1153 2347 5
1170 2332 1208 2355 La
1223 2331 1397 2355 rivoluzione
1412 2331 1438 2354 di
1455 2329 1571 2353 Genova
1586 2333 1698 2360 operata
1711 2330 1743 2352 da
1757 2329 1869 2351 simone
1880 2328 1945 2351 Boc·
1976 2331 2008 2355 30

1056 2382 1180 2405 canegra.
1193 2374 1241 2397 vhe
1257 2374 1285 2396 su
1301 2373 1466 2396 rithiamat.)
1481 2372 1508 2395 al
1523 2373 1617 2405 seggio
1633 2372 1658 2395 (li
1676 2372 1753 2402 (loge.
1770 2371 1797 2393 su
1814 2371 1833 2393 il
1852 2378 1882 2400 14
1898 2378 1946 2393 no-

1057 2416 1165 2439 vembre
1181 2415 1309 2445 (STELLA.
1324 2415 1390 2437 Ana.
1408 2422 1481 2445 geu„
1498 2415 1525 2436 in
1544 2414 1604 2436 RR.
1627 2414 1660 2435 ll
1677 2412 1733 2441 SS,
1750 2412 1834 2439 XVII,
1854 2411 1944 2443 1094);

1057 2465 1099 2481 ma
1120 2457 1180 2480 solo
1202 2457 1221 2479 il
1245 2464 1272 2488 ¹5
1295 2458 1316 2479 si
1335 2457 1389 2479 sere
1406 2456 1430 2479 la
1452 2456 1676 2487 pro=·l:nnazionc
1697 2454 1738 2477 dcl
1762 2461 1854 2477 nuovo
1869 2454 1947 2484 doge,

1056 2499 1112 2523 alla
1132 2499 1214 2529 quale
1234 2498 1458 2530 probabilmente
1479 2497 1501 2520 11
1528 2499 1625 2520 nostro
1655 2496 1780 2520 cronista
1807 2496 1840 2519 ha
1869 2495 1947 2518 volu-

1057 2542 1086 2563 to
1114 2541 1230 2564 riserirsi
1262 2539 1408 2570 segnando
1429 2540 1454 2562 la
1475 2540 1539 2561 data
1563 2538 1605 2561 (lel
1634 2538 1839 2569 rivolgirnento
1862 2544 1946 2568 geno-
1976 2540 2006 2565 35

1059 2590 1129 2605 vese.

1143 2623 1402 2648 &Testimonianza
1423 2622 1592 2646 ossei-vabus
1613 2622 1685 2645 della
1707 2622 1858 2645 suffit-iente
1876 2622 1947 2651 rapi-

1058 2665 1117 2690 dita
1138 2675 1189 2689 con
1211 2667 1253 2689 cui
1275 2665 1403 2689 dall'una
1419 2665 1538 2689 all‘altra
1554 2664 1625 2688 delle
1637 2662 1705 2687 cittiz
1723 2664 1837 2687 italiam
1853 2665 1873 2687 si
1890 2671 1948 2694 por-

1059 2712 1162 2733 tavano
1190 2709 1215 2732 le
1241 2709 1466 2732 comunicazioni
1494 2707 1567 2737 degli
1595 2708 1804 2730 avvenimenti:
1830 2705 1874 2729 vic>
1900 2707 1948 2730 che

1059 2752 1175 2775 accadde
1197 2758 1210 2774 a
1231 2750 1347 2774 Genova
1369 2750 1386 2772 il
1413 2754 1450 2779 15.
1472 2750 1501 2772 fu
1522 2751 1590 2772 noto
1611 2757 1623 2771 :1
1640 2749 1757 2772 Modcna
1774 2749 1792 2771 il
1808 2755 1848 2772 22,
1863 2756 1876 2771 e
1890 2755 1949 2778 pro·
1977 2753 2010 2774 40

1059 2794 1228 2817 babilmente
1249 2800 1296 2823 per
1317 2800 1408 2815 mezzo
1429 2792 1455 2815 di
1484 2792 1599 2821 qualche
1628 2799 1689 2814 casa
1715 2792 1845 2814 bancaria
1871 2790 1948 2814 bolo-

1059 2843 1150 2866 gnesc.

1148 2875 1157 2892 7
1174 2875 1365 2907 Quantunque
1377 2876 1400 2899 si
1415 2876 1481 2899 salti
1495 2875 1540 2899 dal
1557 2875 1706 2899 novembre
1720 2874 1786 2905 1356
1799 2875 1826 2898 al
1838 2882 1908 2897 mese
1921 2875 1946 2897 di

1060 2920 1166 2950 giugno
1178 2918 1322 2942 dell⁷anno
1337 2923 1400 2948 1357
1413 2925 1470 2941 non
1482 2917 1564 2941 credo
1576 2918 1647 2940 slavi
1660 2916 1767 2940 lacuna.
1780 2915 1879 2947 perche
1891 2923 1949 2938 nes-

1061 2968 1111 2983 snn
1128 2960 1200 2983 (atto
1219 2960 1364 2982 nwdonese
1384 2961 1406 2981 si
1430 2966 1548 2981 conosw
1568 2959 1609 2981 «ici
1634 2960 1715 2989 primi
1733 2958 1799 2980 nusi
1814 2958 1857 2981 <lei
1875 2964 1947 2988 1357.
1978 2963 2008 2987 45
