2318 3603
296 1700 326 1717 10

297 1906 324 1932 15

293 2115 326 2133 20

294 2346 325 2372 25

294 2557 328 2581 30

294 2762 325 2788 35

293 2968 328 2994 ⁴0

940 222 1250 258 CHRONICON
1280 222 1587 258 MUTINENSE
2007 227 2059 261 [Α.
2081 227 2174 260 1³34]

355 335 516 367 Iohannis
539 334 709 377 Ugolinus
732 341 765 366 et
787 335 944 367 Coradus
967 334 1009 366 de
1042 334 1219 365 Boschetis
1247 334 1497 365 reveUaverunt
1526 340 1672 366 castrum
1698 333 1833 365 Marani
1858 333 1902 365 de
1925 333 2092 375 Campilio
2115 333 2180 364 illis

355 387 397 418 de
422 385 649 427 Rangonibus
672 395 748 416 curn
772 384 896 426 quibus
919 385 1028 425 ipsum
1052 384 1207 415 tenebat:
1241 390 1274 414 et
1302 390 1381 415 tunc
1410 384 1473 424 ipsi
1503 385 1546 415 de
1572 384 1751 415 Boschetis
1783 383 1842 423 [et]
1867 383 2102 415 Gualandinus
2137 384 2179 415 de

355 435 527 477 Campilio
552 445 668 466 eorum
692 435 806 466 socius
833 435 876 465 ad
900 435 1075 475 praedicta
1099 440 1264 465 venerunt
1288 434 1443 465 Mutinae
1468 435 1522 466 die
1555 435 1669 465 martis
1700 434 1802 475 xxviij
1830 434 1945 464 marcii
1978 440 2010 465 et
2043 434 2180 465 fuerunt

355 485 485 517 inducti
501 485 544 516 de
562 494 651 515 novo
667 494 729 525 per
746 484 917 515 dominum
935 483 1155 515 Manfredum
1174 484 1215 514 de
1232 483 1300 514 Piis
1316 483 1491 515 Vicarium
1511 484 1656 515 civitatis
1674 483 1828 515 Mutinae
1854 490 1887 514 et
1912 490 1991 514 tunc
2015 484 2051 514 in
2074 484 2180 514 mani-

338 537 417 568 „bus
440 536 507 567 suis
531 536 725 566 iuraverunt
748 541 878 575 partem
903 545 1012 565 suam:
1046 535 1138 575 quod
1163 534 1286 574 elapsis
1317 535 1438 575 paucis,
1459 535 1580 566 diebus
1610 535 1745 566 minime
1778 533 2062 571 observaverunt,'
2088 535 2180 575 quod

352 590 478 621 dictum
496 593 641 620 castrum
659 587 722 628 ipsi
741 587 783 618 de
802 586 989 622 Boschetis‚
1007 592 1152 627 excepto
1170 586 1320 617 Iohanne
1337 593 1369 617 et
1386 586 1536 628 Ugolino
1554 587 1599 618 ibi
1623 587 1846 618 existentibus
1870 586 2035 623 Mutinae,
2053 592 2086 617 et
2102 585 2181 617 inde

351 641 490 682 expulso
514 640 609 672 dicto
633 638 862 675 Gualandino‚
882 638 1093 669 tradiderunt
1109 638 1304 669 Marchioni
1330 639 1371 669 de
1397 639 1542 670 Feraria.
1571 639 1671 671 Tunc
1696 639 1740 670 illi
1761 640 1804 671 de
1830 638 1995 670 Asinariis
2019 638 2062 670 de
2079 637 2182 670 Curia

351 693 638 732 Quarantularum
662 691 718 722 die
742 690 830 722 iovis
853 691 899 733 xij
918 690 995 721 maii
1020 696 1228 732 acceperunt
1245 697 1390 722 castrum
1425 691 1467 721 de
1499 691 1662 733 Maglabo
1678 692 1698 728 ¹,
1730 691 1792 723 sub
1816 690 2018 731 prodicione
2049 690 2182 722 illorum

349 748 392 780 de
418 746 496 783 Piis,
520 751 554 777 et
575 745 684 786 ipsum
710 742 925 775 tradiderunt
947 743 1012 774 illis
1036 743 1080 773 de
1103 742 1299 774 Mirandula
1324 744 1381 785 qui
1408 744 1536 775 dictum
1561 750 1706 775 castrum
1732 741 2036 786 dirupaverunt***
2049 742 2071 774 ².

436 798 536 829 Tunc
550 797 606 828 die
618 795 725 828 sabati
737 796 760 838 ij
775 795 846 826 iulii
858 794 1119 838 [M.cccxxxiiij]
1133 795 1256 826 milites
1269 795 1480 827 Marchionis
1494 796 1635 827 estensis
1647 796 1738 827 circa
1753 801 1887 828 centum
1900 796 2035 827 iverunt
2048 796 2092 828 ad
2106 795 2183 837 Spi-

350 851 550 883 lambertum
558 850 594 880 in
607 848 731 880 auxilio
740 847 877 879 Nicolai
892 848 935 878 de
951 849 978 879 F
980 848 1063 879 redo
1077 853 1110 878 et
1118 847 1173 878 die
1186 847 1356 879 dominico
1370 849 1522 889 sequenti
1536 848 1962 880 Mutinensesintraverunt
1975 848 2007 879 in
2022 848 2182 880 exercitu.

350 904 450 935 Tunc
468 902 608 934 comites
633 902 675 933 de
700 900 827 932 Panico
844 900 1057 932 intraverunt
1075 906 1222 931 castrum
1238 900 1392 932 Rudiani
1412 900 1583 932 districtus
1607 900 1784 932 Bononiae
1801 907 1834 933 et
1851 907 1931 932 tunc
1947 900 2184 932 Bononienses

351 957 488 988 iverunt
504 955 583 986 illuc
600 954 637 985 in
654 953 867 985 obsidionem
881 952 902 984 ³.
928 953 1028 984 Tunc
1045 953 1101 984 die
1119 952 1292 984 dominico
1317 964 1382 983 xxv
1407 953 1609 994 septembris
1622 954 1778 984 dominus
1793 953 1963 985 Mastinus
1976 953 2067 985 della
2082 953 2183 984 Scala

351 1020 426 1040 cum
452 1008 597 1040 maxima
620 1007 774 1048 peditum
798 1012 831 1037 et
854 1005 1007 1047 equitum
1039 1005 1282 1045 [multitudine]
1314 1005 1376 1037 ivit
1399 1006 1443 1037 ad
1468 1012 1613 1037 castrum
1639 1005 1779 1038 Colurni
1804 1012 1884 1038 tunc
1917 1006 2089 1037 obsessum
2121 1016 2183 1047 per

350 1068 488 1105 gentem
511 1071 606 1091 suam
619 1059 641 1090 ⁴.
687 1059 786 1090 Tunc
811 1057 867 1089 die
892 1057 990 1088 lunae
1013 1058 1047 1100 iij
1076 1057 1227 1089 octobris
1249 1058 1404 1089 Castrum
1422 1058 1573 1089 Rudiani
1605 1059 1779 1090 districtus
1794 1058 1968 1090 Bononiae
1993 1058 2182 1090 restitutum

351 1115 417 1145 fuit
432 1111 705 1145 Bononiensibus
721 1111 778 1153 qui
795 1109 844 1141 ibi
860 1116 1022 1142 steterant
1039 1111 1072 1140 in
1090 1110 1264 1142 obsessum
1280 1120 1342 1151 per
1359 1111 1443 1142 duos
1471 1121 1612 1142 menses.
1648 1111 1749 1142 Tunc
1767 1111 1823 1142 die
1841 1111 1940 1142 lunae
1964 1111 2062 1154 xxiiij
2089 1116 2184 1142 octo-

352 1167 421 1199 bris
437 1172 583 1198 castrum
607 1164 747 1197 Colurni
772 1162 947 1196 districtus
972 1162 1113 1194 Parmae
1139 1163 1252 1195 datum
1271 1163 1336 1194 fuit
1352 1163 1489 1195 domino
1506 1163 1654 1195 Mastino
1680 1164 1771 1195 della
1795 1163 1898 1195 Scala
1914 1163 1973 1205 qui
1988 1163 2076 1195 illud
2093 1163 2182 1195 obsi-

353 1221 450 1252 derat
473 1228 535 1260 per
558 1224 626 1249 tres
649 1225 783 1248 menses
799 1214 849 1232 ***
863 1215 884 1246 ⁵.

442 1320 465 1337 z.
478 1312 569 1345 ipsum
583 1310 707 1342 tenebat]
723 1311 781 1342 ipse
795 1309 906 1334 tenebat
919 1309 967 1340 A.;
981 1310 1037 1341 ipsi
1050 1310 1182 1334 tenebant
1195 1310 1281 1339 Mun„
1297 1310 1357 1338 (ἵης
1370 1309 1463 1342 Ipsum
1477 1311 1611 1334 tenebant
1625 1311 1680 1339 M.;
1695 1310 1724 1334 la
1736 1310 1832 1333 lezione
1852 1317 1915 1334 vera
1930 1308 1942 1333 ὲ
1955 1310 2018 1333 data
2031 1309 2083 1334 da!
2091 1311 2181 1334 neutro

353 1359 384 1382 di
400 1358 441 1381 M.
459 1365 472 1381 e
491 1357 538 1379 dal
552 1356 687 1387 singvlare
706 1355 736 1378 di
752 1354 793 1383 A„
809 1353 902 1384 poich&
915 1362 962 1377 era
976 1354 1000 1377 il
1010 1354 1115 1378 castello
1129 1354 1158 1377 di
1170 1354 1288 1378 Murano
1303 1354 1347 1377 che
1360 1358 1456 1378 tenc-va
1470 1357 1523 1384 per
1536 1355 1547 1377 i
1561 1355 1690 1385 Rangonl
1702 1355 1792 1384 prima
1811 1353 1911 1378 d’esser
1929 1355 1986 1378 loro
2001 1353 2124 1378 m'hellato
2137 1353 2185 1377 dai

356 1400 493 1424 Boschetti.
513 1410 524 1416 -
542 1399 569 1422 et
583 1397 648 1428 dopo
668 1396 814 1420 Boschetis
833 1403 901 1427 agg.
915 1395 1002 1425 Mum,
1018 1396 1062 1419 Cr.
1077 1407 1087 1413 -
1103 1394 1308 1426 Gualandinus]
1323 1395 1374 1419 cos}
1386 1396 1412 1419 lo
1430 1396 1530 1419 chiama
1550 1397 1606 1426 ivl*
1627 1395 1807 1420 Guidinellus
1827 1396 1916 1424 Mun„
1937 1396 1981 1420 Cr.
1995 1396 2039 1419 che
2058 1395 2182 1426 n'produ-

354 1449 415 1466 cono
433 1441 475 1468 A„
495 1442 562 1464 dove
582 1437 650 1470 pert)
675 1439 746 1462 altre
771 1438 843 1461 volte
860 1445 874 1460 e
886 1435 935 1467 piri
957 1440 1041 1467 spesso
1061 1437 1074 1459 ἒ
1093 1437 1162 1460 detto
1187 1437 1267 1460 anche
1293 1436 1487 1461 Gualandinus
1506 1451 1537 1454 —
1559 1444 1582 1469 3.
1602 1444 1698 1461 eorum
1717 1436 1822 1468 socius]
1842 1438 1900 1461 eius
1919 1438 2014 1461 socius
2032 1437 2075 1466 A„
2094 1436 2181 1466 Mun„

359 1484 421 1513 Cr.;
439 1488 536 1506 eorum
557 1480 703 1505 consocius
723 1480 765 1504 M.
784 1492 794 1497 -
813 1478 914 1510 xxviij}
935 1484 968 1510 29
989 1479 1032 1507 A„
1051 1479 1139 1507 Mum,
1161 1479 1220 1508 Cr03
1240 1479 1317 1511 xxvij
1338 1480 1391 1507 M:
1412 1487 1455 1502 ma
1474 1480 1502 1502 in
1522 1479 1633 1503 mortedi
1647 1479 1729 1503 cadde
1749 1480 1772 1502 is
1788 1479 1822 1503 28
1839 1486 1929 1502 marzo
1949 1491 1981 1495 —-
2001 1486 2025 1510 4.
2045 1478 2075 1502 in
2095 1477 2179 1502 ducto

352 1525 444 1549 denuo
461 1524 510 1554 A.3
529 1522 637 1547 inducti
656 1522 748 1546 denuo
768 1521 856 1551 Mun„
876 1522 936 1546 Cn:
964 1521 1072 1545 inducti
1101 1522 1134 1544 de
1164 1527 1238 1544 novo
1259 1521 1298 1544 M.
1320 1534 1350 1537 —
1373 1527 1396 1551 5.
1422 1521 1508 1552 quod]
1530 1528 1580 1552 pro
1599 1521 1641 1550 A„
1660 1521 1703 1544 che
1725 1522 1801 1545 Mun.
1821 1529 1834 1543 a
1855 1522 1900 1546 Cr.
1920 1528 1989 1545 corr.
2014 1528 2058 1545 con
2083 1527 2180 1551 quarn:

351 1567 500 1599 preferisco
523 1564 597 1595 quod
617 1563 703 1595 [sote-2
729 1561 927 1594 iuramentum]
952 1564 996 1588 che
1024 1564 1036 1585 ἑ
1062 1564 1141 1586 anche
1162 1563 1189 1586 in
1216 1562 1254 1586 nl.
1274 1574 1285 1579 -
1304 1562 1536 1593 observaverunt]
1556 1561 1607 1587 cosi
1628 1563 1714 1586 Meu..
1737 1562 1790 1591 Cr„
1811 1563 1865 1592 M.;
1884 1562 2078 1586 offocaverunt
2095 1562 2128 1585 A.
2150 1575 2180 1577 —

355 1608 381 1634 6.
399 1606 537 1638 Iohanne]
557 1605 607 1630 cos)
626 1605 713 1633 Mun„
735 1606 790 1633 Cr„
810 1605 865 1633 M.;
893 1605 1007 1629 Zuanne
1025 1605 1058 1629 Α.
1078 1617 1087 1622 -
1107 1604 1232 1636 Ugolino
1253 1604 1292 1628 ibl
1312 1604 1392 1628 exist.
1412 1604 1461 1633 A.3
1480 1612 1521 1627 ma
1541 1605 1589 1634 ibi,
1608 1605 1651 1628 che
1671 1605 1683 1627 ἑ·
1703 1605 1806 1633 inutile,
1826 1611 1875 1628 non
1895 1605 1908 1627 ὲ
1927 1605 1954 1627 in
1974 1603 2060 1633 Mun„
2075 1603 2132 1632 Cr„
2151 1603 2182 1626 ηὲ

353 1651 380 1674 in
400 1651 439 1674 M.
459 1663 469 1667 -
488 1650 516 1673 et
536 1648 629 1673 avanti
648 1656 664 1671 a
684 1646 747 1671 inde
767 1645 779 1670 ὲ
798 1647 877 1672 anche
895 1647 924 1670 in
942 1647 999 1676 M.;
1019 1655 1067 1671 non
1086 1647 1114 1669 in
1133 1645 1220 1675 MUR.⁷
1245 1647 1290 1670 Cr.
1306 1659 1336 1663 —
1352 1652 1374 1678 7.
1397 1645 1572 1670 Gualandino
1587 1647 1627 1675 A„
1643 1648 1698 1676 Gn,
1712 1647 1767 1675 Affig
1783 1645 1941 1669 Guidinello
1956 1645 2032 1669 Μυκ.
2053 1658 2085 1662 -
2098 1645 2124 1670 8.
2137 1645 2182 1669 die

354 1693 426 1716 iovis
440 1691 478 1722 xij
494 1690 570 1721 maii]
585 1690 630 1713 die
645 1689 754 1712 veneris
771 1695 800 1712 12
814 1689 882 1712 maii
897 1689 937 1717 A„
951 1687 1036 1717 Mun„
1053 1690 1112 1712 Cr.:
1134 1688 1212 1712 anche
1224 1688 1264 1711 M.
1279 1688 1311 1711 Ιια
1324 1694 1366 1718 XIJ
1387 1688 1458 1717 mai3
1471 1695 1520 1712 non
1539 1695 1622 1719 segna
1636 1687 1705 1718 perr)
1724 1689 1748 1712 il
1760 1689 1860 1719 giorno
1880 1687 1952 1710 zlella
1971 1687 2119 1716 saumana,
2138 1686 2183 1710 che

347 1735 384 1766 su
400 1731 510 1765 gioved)
532 1739 582 1755 non
595 1730 705 1755 veneni)
718 1742 729 1748 -
743 1729 872 1761 Maglabb
886 1730 918 1754 de
932 1730 1056 1754 Cividali
1070 1730 1102 1754 lta
1116 1730 1155 1754 M.
1171 1742 1181 1747 -
1196 1729 1357 1762 perdicione
1370 1730 1403 1754 A.
1417 1742 1449 1747 -—
1463 1735 1488 1759 9.
1501 1728 1718 1761 dirupaverunt]
1731 1737 1818 1753 nuova
1833 1730 1929 1753 lacuna
1942 1729 1993 1759 qui,
2006 1729 2029 1752 il
2040 1729 2082 1753 cui
2099 1730 2182 1752 conte-

354 1780 415 1800 nuto
427 1776 452 1799 ci
465 1775 523 1799 vien
536 1773 600 1797 dato
614 1773 648 1796 da
662 1773 711 1800 M„
722 1775 751 1802 p.
763 1778 813 1802 207
826 1772 844 1795 l.
856 1778 889 1801 27
903 1785 913 1789 -
922 1775 950 1802 p.
970 1773 1019 1797 208
1031 1773 1048 1796 l.
1062 1772 1091 1796 8:
1107 1770 1173 1802 [Die
1186 1777 1266 1801 xxm]
1282 1771 1362 1795 maii.
1372 1787 1406 1796 ...
1421 1778 1469 1802 per
1487 1771 1608 1802 quinque
1620 1771 1689 1802 dies]
1705 1770 1741 1802 (v.
1756 1774 1817 1794 nota
1832 1771 1858 1801 2)
1873 1778 1885 1794 e
1894 1771 2047 1801 comprende’
2059 1772 2084 1793 le
2093 1771 2183 1794 ultime

354 1817 449 1841 notizie
460 1815 507 1839 del
508 1816 596 1846 primo
608 1818 729 1838 semestre
741 1820 806 1844 1³54
824 1814 851 1837 in
871 1813 953 1845 caifa
962 1813 1074 1844 podest&
1084 1817 1134 1844 per
1146 1813 1165 1836 l‘
1174 1813 1267 1835 ultima
1278 1814 1351 1836 valla
1370 1813 1394 1835 il
1410 1814 1538 1844 Bellayre
1558 1825 1590 1830 -
1612 1819 1652 1837 10.
1672 1811 1875 1844 M.cccxxxiiij1
1893 1812 2032 1843 aggiungo
2046 1815 2100 1841 per
2111 1818 2180 1842 mag.

351 1860 428 1890 gz'ore
446 1858 586 1882 chiarezza
605 1869 637 1873 —
660 1862 699 1879 Η.
719 1856 748 1878 in
767 1853 900 1886 exercitu]
921 1857 950 1878 in
969 1855 1120 1878 exercitum
1142 1855 1228 1880 Mna..
1249 1855 1310 1884 Cr.3
1329 1855 1354 1878 le
1366 1855 1463 1885 parole
1483 1854 1514 1878 di
1532 1855 1572 1878 M.
1590 1854 1749 1878 chr'ariscono
1762 1854 1784 1877 ιἸ
1795 1856 1873 1878 testo.-
1891 1854 1919 1877 et
1938 1853 1983 1877 die
1996 1853 2123 1884 sequenti
2135 1852 2182 1876 die

358 1900 500 1924 dominico
515 1899 686 1922 Mutinenses
700 1897 836 1920 venerunt
849 1896 911 1919 illuc
924 1903 986 1920 cum
1001 1903 1051 1920 suo
1067 1896 1188 1919 exercitu
1202 1908 1232 1912 --
1251 1894 1337 1920 12-18.
1351 1896 1429 1919 Tunc
1442 1896 1560 1919 comites
1569 1911 1588 1919 ..
1598 1913 1603 1918 .
1612 1913 1618 1919 .
1632 1897 1689 1919 tres
1707 1894 1826 1926 menses]
1845 1898 1930 1926 queste-
1950 1894 2046 1918 notizie
2058 1901 2109 1918 non
2122 1901 2182 1918 sono

355 1942 382 1965 in
400 1942 440 1965 M.
461 1949 474 1963 e
489 1939 696 1970 probabilmeute
723 1938 853 1962 (iio-vanni
871 1938 905 1960 da
927 1939 1049 1962 anaemm
1068 1938 1092 1960 lc
1113 1938 1145 1960 lm
1165 1941 1247 1960 tratto
1267 1938 1301 1961 da
1324 1938 1398 1961 altra
1409 1937 1492 1969 sonte
1510 1951 1541 1955 —-
1564 1944 1604 1961 12.
1624 1938 1727 1961 Panizo
1746 1937 1779 1961 A.
1800 1950 1832 1953 —
1855 1944 1896 1968 14.
1916 1936 2097 1960 multitudine
2111 1943 2181 1968 agg.

355 1984 432 2008 Mun.
447 1996 476 1999 -
496 1982 534 2005 ιδ.
548 1985 604 2005 tres
617 1978 738 2011 menses]
759 1987 838 2011 segue
851 1979 970 2003 rm‘nltra
984 1980 1078 2003 lacuna
1097 1980 1165 2002 dove
1179 1983 1258 2011 jors-2³
1277 1979 1301 2002 si
1316 1982 1469 2003 trovavano
1491 1980 1515 2003 le
1533 1980 1628 2003 notizie
1647 1979 1719 2002 della
1731 1979 1788 2009 fine
1806 1978 1935 2002 d‘ottobre
1953 1986 1967 2001 e
1985 1978 2033 2002 del
2048 1978 2183 2002 novembre

354 2032 416 2054 13³4
435 2024 478 2048 che
497 2025 523 2048 ci
539 2024 573 2046 ha
595 2025 749 2047 conservate
767 2022 816 2050 M,
836 2029 862 2053 p.
882 2021 941 2050 208.
961 2021 981 2045 l.
1004 2027 1098 2051 14-23:
1120 2020 1186 2052 [Die
1206 2020 1376 2045 veneris....
1397 2020 1440 2044 vel
1460 2021 1561 2053 pluviit
1589 2020 1734 2051 continue]
1755 2020 1791 2050 (v.
1812 2024 1874 2044 nota
1893 2019 1920 2049 5)
1941 2028 1953 2043 e
1972 2021 2000 2043 la
2018 2020 2181 2044 indicatione

351 2066 422 2090 della
447 2072 533 2089 nuova
546 2064 700 2095 podesteria
728 2063 775 2086 del
800 2063 964 2094 Franguellr'
986 2062 1030 2086 che
1055 2062 1083 2085 in
1105 2062 1143 2085 M.
1171 2062 1209 2093 (p.
1232 2061 1293 2086 208.
1312 2062 1341 2086 ΙΙ.
1373 2064 1462 2092 24-27)
1475 2062 1512 2094 sa
1535 2062 1638 2093 segulla
1657 2062 1688 2086 al
1709 2065 1787 2093 passo
1805 2062 1937 2092 ripertato
1965 2062 2037 2085 nella
2066 2065 2126 2086 nota
2151 2066 2182 2090 5.·

352 2107 490 2132 Dominus
503 2106 639 2137 Mapheus
657 2104 689 2129 de
708 2104 870 2137 Franguelis
889 2103 924 2128 de
942 2104 1060 2128 civitate
1085 2102 1197 2127 Casteni
1224 2103 1352 2128 Potestas
1379 2104 1501 2127 Mutinae
1521 2103 1551 2127 in
1571 2104 1723 2127 Mcccxxxv
1740 2110 1790 2134 per
1808 2104 1900 2127 totum
1919 2109 2024 2127 annum

443 2167 450 2184 ¹
462 2169 499 2192 Di
510 2170 608 2200 questo
620 2167 737 2192 castello
750 2167 777 2190 di
790 2164 934 2198 Magliabo
949 2172 965 2190 ο
987 2164 1137 2197 Mangiabe,
1148 2164 1243 2197 (nome

356 2212 477 2243 analogo
491 2210 527 2235 ad
540 2210 607 2234 altri
622 2210 764 2241 toponimi
780 2208 917 2237 emiliani,
937 2215 1015 2231 come
1035 2205 1175 2235 Mai-cabo,
1195 2207 1242 2230 Ba—

355 2251 421 2277 sabb
433 2251 508 2284 ece),
523 2252 571 2276 che
585 2252 692 2276 doveva
712 2257 823 2281 soi-gere
844 2251 887 2274 nei
909 2251 995 2281 pressi
1015 2249 1043 2272 di
1057 2247 1241 2277 Quarantola.

355 2300 404 2318 ora
424 2293 548 2317 srazione
568 2293 595 2316 di
619 2291 790 2318 Mirandola,
812 2297 870 2314 non
885 2291 912 2314 sa
932 2291 1076 2314 menzione
1090 2290 1111 2313 il
1125 2289 1241 2312 Tirabo-

355 2335 412 2359 schi
434 2334 514 2367 (Dia,
534 2334 555 2363 Ι,
576 2333 646 2365 212),
661 2340 783 2366 neppure
796 2332 934 2363 parlando
949 2331 976 2355 di
992 2330 1124 2355 Cividale
1138 2330 1241 2355 miran-

355 2378 458 2405 dolese‚
477 2383 528 2400 ove
548 2383 673 2407 sorgeva.
694 2373 727 2399 ne
743 2375 765 2398 si
779 2374 813 2398 ha
828 2374 993 2398 alcun'altra
1008 2374 1154 2398 menzione
1169 2372 1241 2396 nelle

354 2419 491 2444 cronache
509 2426 524 2442 e
544 2420 588 2442 nei
609 2418 779 2441 documenti.

441 2459 451 2476 ²
471 2461 493 2485 11
513 2467 597 2492 passo
617 2460 644 2484 di
666 2461 704 2484 M.
724 2459 959 2491 corrispondente
978 2458 1033 2482 alla
1060 2457 1161 2481 lacuna
1180 2455 1194 2481 ὲ
1220 2457 1240 2480 il

354 2504 486 2535 seguente
499 2501 537 2534 (p.
552 2507 610 2533 207,
626 2502 643 2525 1.
658 2508 689 2534 27
702 2515 710 2518 -
720 2509 745 2533 p.
763 2499 821 2529 208,
836 2501 854 2524 l.
868 2498 912 2532 8):
928 2500 940 2513 ‘⁴
952 2500 1007 2523 Die
1020 2499 1099 2531 xxvij
1114 2499 1180 2531 maij
1196 2498 1240 2522 die

357 2545 370 2557 “
381 2545 492 2569 veneris
511 2546 607 2575 gentes
627 2544 815 2566 Domfnorum
840 2542 874 2566 de
899 2542 927 2566 la
951 2540 1040 2569 Scala,
1065 2540 1241 2564 Marchionis

355 2586 513 2617 “Estensis,
535 2585 652 2609 Domini
674 2585 782 2608 Azonis
803 2585 835 2608 de
854 2583 1078 2607 vicecomitibus
1097 2583 1124 2605 et
1144 2582 1240 2606 Domi-

357 2627 481 2651 “norum
502 2627 535 2651 de
554 2625 697 2657 Gonzaga,
717 2632 769 2657 que
790 2627 924 2649 venerant
945 2626 973 2648 in
994 2624 1134 2648 obsessum
1148 2622 1240 2654 Regii,

357 2668 554 2693 “transierunt
573 2667 694 2692 situlam
713 2668 741 2691 et
759 2668 896 2691 venerunt
923 2673 1004 2697 super
1030 2665 1120 2697 ripam
1140 2663 1238 2693 Situle,

357 2710 455 2735 “inter
475 2711 570 2734 ambos
591 2712 692 2742 pontes
711 2711 738 2733 et
754 2709 791 2732 ibi
813 2710 951 2732 steterunt
964 2714 1049 2738 usque
1063 2706 1098 2730 ad
1110 2706 1239 2730 ultimam

356 2752 369 2765 ‘⁴
380 2751 454 2775 diem
464 2752 530 2784 maij
545 2753 573 2775 et
586 2750 657 2783 ipsis
671 2749 768 2773 diebus
779 2749 914 2773 dederunt
925 2750 1055 2781 guastum
1071 2749 1098 2771 in
1109 2747 1202 2770 blavis
1213 2750 1239 2770 et

357 2795 369 2807 ⁴⁴
380 2795 528 2819 arboribus
547 2793 711 2821 Villanove‚
731 2791 880 2820 Ganaceti,
893 2792 986 2821 Fredi,
1001 2790 1240 2822 Campigagliani‚

355 2837 368 2850 ⁴⁴
379 2835 495 2865 Selene,
509 2835 648 2863 Sorbarie,
659 2834 783 2864 Limitis,
799 2832 896 2865 Carpi,
907 2832 1028 2857 Curtilis
1038 2833 1065 2856 et
1076 2832 1199 2862 undique
1212 2833 1238 2855 in

357 2877 508 2910 “partibus
529 2876 589 2900 illis
609 2884 623 2900 a
643 2876 735 2899 Simia
755 2875 829 2899 ultra
850 2882 943 2898 versus
964 2881 1034 2897 sero.
1072 2873 1126 2896 Die
1145 2876 1237 2896 autem

358 2920 370 2932 ‘⁴
381 2920 480 2943 martis
494 2919 596 2942 ultimo
610 2918 713 2941 mensis
728 2917 793 2940 maii
807 2917 881 2940 dicte
896 2918 992 2947 gentes
1002 2921 1030 2939 se
1041 2916 1239 2946 seperaverunt

358 2963 369 2974 ⁴⁴
382 2962 414 2986 de
428 2961 557 2985 districta
570 2959 681 2983 Mutine
694 2960 721 2983 et
735 2959 878 2982 redierunt
893 2958 922 2981 in
935 2957 1066 2981 districtu
1077 2956 1167 2987 Regii.
1187 2956 1240 2979 Die

1300 2165 1311 2177 ‘⁴
1324 2165 1398 2188 iovis
1409 2165 1429 2198 ij
1443 2165 1517 2188 iunii
1528 2164 1626 2188 domus
1634 2165 1748 2189 Nicolai
1760 2165 1792 2188 de
1803 2164 1894 2188 Fredo
1905 2165 2018 2196 incepta
2029 2164 2085 2188 fuit
2095 2164 2184 2194 dirui3

1299 2204 1311 2216 ³
1322 2206 1349 2228 et
1370 2204 1413 2228 die
1434 2205 1523 2228 sabati
1541 2205 1585 2237 iiij
1603 2206 1676 2228 iunii
1690 2204 1866 2228 Mutinenses
1887 2205 1999 2229 iverunt
2012 2203 2182 2236 Spllamber-

1299 2247 1309 2258 ‘¹
1322 2248 1380 2270 tum
1401 2246 1434 2270 ad
1455 2246 1577 2270 dandum
1591 2248 1721 2278 guastum
1735 2248 1762 2270 et
1776 2246 1885 2270 demum
1899 2247 1943 2270 die
1959 2246 2068 2270 veneris
2083 2254 2099 2269 x
2112 2246 2184 2270 dicti

1298 2288 1309 2300 ί*
1322 2290 1424 2312 mensis
1444 2288 1588 2312 redierunt
1608 2287 1826 2320 spilambertum
1841 2288 1872 2312 ad
1894 2287 2133 2312 damnificandum
2151 2289 2180 2312 et

1298 2330 1309 2342 Α·
1323 2331 1359 2354 ibi
1375 2331 1513 2354 steterunt
1526 2338 1575 2361 per
1588 2332 1710 2362 quinque
1724 2331 1791 2354 dies.
1805 2330 1860 2354 Die
1876 2330 1965 2354 sabati
1981 2331 2001 2362 ij
2015 2330 2080 2354 iulii
2097 2334 2145 2354 etc.
2156 2345 2183 2360 „-

1381 2370 1392 2387 ³
1411 2371 1551 2397 Rodiano.
1579 2372 1701 2396 srazione
1727 2379 1775 2396 ora
1801 2371 1845 2396 del
1871 2379 1988 2396 comune
2008 2372 2036 2395 di
2056 2370 2182 2404 Savigno

1295 2413 1341 2444 (cs.
1369 2413 1523 2438 CAL1NDR1.
1550 2414 1611 2438 Dis.
1639 2418 1713 2437 ruant.
1741 2423 1753 2437 e
1779 2416 1845 2439 call..
1872 2414 1917 2439 IV,
1943 2413 1994 2445 376
2013 2421 2027 2437 e
2047 2412 2126 2446 sgg.)‚
2152 2413 2183 2437 fu

1295 2462 1375 2487 preso
1397 2456 1416 2478 il
1438 2455 1470 2479 26
1490 2456 1580 2487 luglio
1601 2456 1644 2479 dai
1667 2457 1742 2479 conti
1765 2456 1791 2478 di
1812 2455 1926 2480 Punico.
1947 2456 1995 2479 che
2014 2462 2099 2479 erano
2113 2456 2180 2480 stati

1293 2497 1403 2521 banditi
1414 2497 1447 2520 da
1457 2498 1582 2527 Bologna
1595 2497 1638 2520 nel
1650 2504 1743 2521 marzo
1754 2496 1924 2528 (Gmrrom.
1936 2498 2016 2520 ,Uenu
2028 2497 2129 2529 hist.,p.
2138 2505 2181 2529 44,

1294 2539 1311 2562 i.
1329 2538 1379 2570 15),
1389 2547 1403 2563 e
1416 2540 1444 2562 su
1458 2541 1505 2570 poi
1520 2541 1628 2571 ripreso
1642 2539 1686 2563 dai
1700 2539 1860 2570 Bolognesi,
1871 2539 1948 2570 dopo
1963 2539 2050 2571 lungo
2063 2538 2181 2568 assedio,
2213 2551 2223 2558 a

1296 2581 1315 2604 il
1336 2589 1350 2613 3
1371 2582 1482 2605 ottobre
1503 2581 1617 2613 (Corpus
1636 2583 1720 2606 chron.
1741 2581 1814 2609 Bora,
1837 2583 1864 2605 in
1887 2582 1949 2605 RR.
1972 2582 2009 2606 II.
2031 2582 2088 2608 SS..
2108 2581 2180 2606 ediz.

1293 2623 1426 2652 Sei-belli,
1444 2623 1544 2653 XV111,
1564 2631 1590 2656 p.
1609 2623 1629 2649 Ι,
1650 2624 1708 2647 vol.
1728 2623 1760 2651 Π,
1780 2630 1807 2656 p.
1827 2630 1886 2655 449,
1906 2623 1936 2646 ll.
1960 2623 2055 2654 10-13).

1381 2664 1390 2680 ⁴
1410 2664 1554 2689 L'assedio
1574 2666 1601 2689 di
1630 2665 1765 2690 Colorno.
1785 2665 1819 2688 da
1845 2667 1923 2696 parte
1942 2664 1986 2688 dei
2008 2665 2100 2689 ribelli
2121 2672 2180 2696 par-

1294 2708 1379 2730 mensi
1403 2708 1502 2730 aiutati
1523 2706 1599 2738 dagli
1613 2706 1758 2739 Scaligeri,
1772 2714 1817 2730 era
1832 2708 1989 2730 veramente
2009 2707 2180 2731 cominciato

1295 2748 1314 2771 il
1338 2755 1365 2771 12
1388 2744 1486 2779 r'igosto
1507 2748 1580 2777 (Chr,
1595 2752 1693 2778 parm„
1714 2755 1738 2779 p.
1760 2754 1818 2779 235,
1838 2748 1867 2771 ll.
1883 2747 1990 2779 21-24);
2006 2748 2025 2771 il
2041 2753 2054 2778 7
2069 2748 2180 2772 ottobre

1296 2791 1322 2813 vi
1344 2791 1365 2813 si
1387 2788 1450 2814 reeb
1471 2790 1596 2814 Mastino
1621 2790 1695 2814 dena
1721 2789 1800 2813 Scala
1823 2797 1875 2813 con
1896 2797 1954 2813 uno
1974 2790 2047 2821 degli
2069 2789 2179 2814 Estensi

1295 2833 1354 2864 (ivi.
1374 2840 1399 2863 p.
1421 2831 1478 2863 238,
1499 2832 1528 2855 11.
1554 2831 1656 2863 16-20);
1678 2832 1704 2856 la
1730 2838 1788 2855 resa
1809 2832 1838 2855 di
1852 2831 1988 2857 Colorno.
2014 2832 2136 2856 secondo
2156 2832 2181 2855 le

1295 2874 1367 2897 fonti
1395 2875 1542 2905 parmensi,
1569 2874 1680 2897 sai-ebbe
1705 2876 1776 2897 stata
1802 2875 1849 2906 poi
1879 2873 1897 2896 il
1925 2879 1956 2904 25
1983 2873 2095 2897 ottobre
2121 2873 2179 2904 (ivi,

1294 2921 1319 2945 1>-
1340 2913 1399 2945 238-
1419 2914 1436 2937 1-
1452 2922 1500 2945 -p.
1521 2920 1624 2946 44-239,
1645 2914 1662 2937 ¹-
1683 2913 1717 2945 3)-

2211 796 2248 826 10

2212 1058 2247 1088 15

2210 2344 2241 2370 45

2210 2757 2240 2782 55

1383 2954 1441 2979 ⁵La
1455 2956 1554 2979 lacuna
1569 2955 1617 2986 qui
1632 2958 1747 2986 segnata
1761 2956 1783 2978 si
1799 2953 1854 2987 pub
1868 2955 1999 2987 riempire
2014 2962 2065 2979 con
2081 2957 2178 2986 questo
2206 2954 2240 2979 60
