2318 3603
934 200 1246 236 CHRONICON
1274 200 1583 236 MUTINENSE
2002 206 2052 240 [A.
2075 207 2169 240 1318]

338 270 2161 279 .........................................................................................................................................................................................................

332 317 388 359 [et]
411 318 626 360 expellerunt
650 318 693 349 de
718 317 855 349 civitate
879 317 958 349 illos
981 317 1024 348 de
1049 317 1161 348 Fredo
1186 322 1220 348 et
1243 317 1319 348 illos
1344 318 1386 348 de
1410 317 1565 349 Macreto
1582 324 1615 349 et
1633 318 1805 349 dominum
1824 317 2017 349 Gerardum
2043 319 2084 349 de
2102 318 2170 349 Bu-

329 371 447 414 calinis
470 370 638 408 iudicem3
656 375 689 401 et
705 369 769 411 ipsi
793 375 876 401 tunc
899 370 1035 401 iverunt
1058 369 1237 401 Mantuam
1256 370 1299 400 ad
1319 370 1491 401 dominum
1515 370 1743 402 Passarinum.
1789 370 1920 401 Eodem
1937 376 2092 412 tempore
2109 370 2169 402 do·-

329 424 438 454 minus
461 421 668 454 Franciscus
692 423 734 454 de
764 422 961 454 Mirandula
993 428 1026 453 et
1056 428 1215 464 regentes
1246 422 1354 463 ipsam
1379 423 1552 454 civitatem
1575 423 1729 454 Mutinae
1761 433 1837 454 cum
1863 432 1904 454 eo
1929 423 2169 454 destruxerunt

331 476 424 508 dicto
442 475 580 507 domino
598 475 756 506 Gerardo
773 475 815 506 de
832 475 1004 517 Bucalinis
1021 475 1193 517 quoddam
1211 481 1369 512 castrum,
1395 475 1486 516 quod
1510 476 1640 507 fecerat
1657 476 1700 507 ad
1715 475 1998 507 Villamfrancam
2017 481 2050 506 et
2065 485 2167 506 voca-

328 528 428 559 batur
451 534 596 559 castrum
620 527 819 570 Bucaliui¹3
845 534 879 559 et
903 527 1044 558 Iohanni
1070 527 1111 558 de
1128 526 1272 558 Mantua
1288 533 1320 558 et
1339 527 1428 568 [illis]
1447 528 1489 558 de
1506 527 1621 559 Fredo
1646 528 1884 559 destruxerunt
1901 527 2073 569 quoddam
2098 527 2169 558 for-

330 580 491 616 telicium‚
509 580 602 621 quod
619 586 691 611 erat
715 580 749 610 in
774 579 855 611 villa
878 579 1041 611 Medolae
1053 578 1075 611 ².
1122 580 1167 610 Et
1184 585 1265 610 tunc
1283 580 1454 620 praedicti
1479 580 1521 611 de
1546 581 1658 612 Fredo
1676 587 1709 612 et
1727 581 1883 612 dominus
1901 579 2077 611 Gerardus
2100 579 2170 610 ive-

330 639 407 665 runt
424 633 600 665 Mantuam
617 633 662 664 ad
679 632 854 664 dominum
871 632 1098 664 Passarinum.
1146 632 1278 663 Eodem
1305 632 1482 663 millesimo
1512 632 1566 664 die
1590 633 1764 665 dominico
1788 633 1858 676 viiij
1877 632 1994 674 aprilis
2017 632 2171 663 dominus

329 686 535 728 Poncouius,
561 696 638 717 cum
662 685 788 717 auxilio
813 686 942 717 domini
966 685 1076 716 Masei
1095 685 1137 716 de
1155 684 1338 716 Vescontis
1362 685 1496 716 Vicarii
1521 686 1669 717 civitatis
1693 684 1884 717 Mediolani
1902 691 1936 716 et
1954 685 2082 716 domini
2104 684 2171 716 Ca-

332 739 384 770 nis
400 738 492 770 della
509 738 612 770 Scala
636 738 766 770 domini
789 738 960 776 Veronae,
979 738 1020 769 de
1038 743 1139 769 nocte
1156 737 1326 769 violenter
1349 738 1491 769 intravit
1514 738 1549 769 in
1574 739 1749 770 civitatem
1766 738 1958 770 Cremonae
1984 742 2018 769 et
2042 737 2173 779 aliquos

332 791 461 823 occidit
485 792 528 823 de
545 791 754 828 intrinsecis3
778 791 954 833 perplures
971 790 1155 822 extrinseci
1172 790 1349 831 perierunt
1364 796 1398 822 et
1415 797 1494 822 tunc
1512 801 1629 822 omnes
1643 790 1833 823 Ghibelini'
1851 791 1907 833 qui
1926 796 2023 822 erant
2040 790 2171 831 expulsi

330 844 504 876 redierunt
528 844 563 874 in
588 844 714 875 dictam
740 843 914 875 civitatem
938 850 972 875 et
997 844 1109 874 dictus
1133 843 1292 874 dominus
1316 842 1508 886 Ponconius
1532 844 1693 875 remansit
1719 845 1876 875 dominus
1900 843 2047 875 civitatis
2063 848 2097 874 et
2120 852 2173 873 re-

333 897 437 928 ducta
465 897 530 928 fuit
554 896 647 928 dicta
671 897 793 928 civitas
809 897 853 928 ad
870 897 1033 938 populum
1047 895 1069 927 ³.
1116 896 1247 927 Eodem
1265 895 1445 928 millesimo
1471 896 1513 927 de
1539 907 1655 928 mense
1678 897 1761 928 iunii
1786 897 1944 928 dominus
1960 895 2066 928 Canis
2083 894 2174 926 della

333 950 435 982 Scala
452 960 527 981 cum
545 950 699 981 exercitu
724 959 784 981 suo
809 956 843 981 et
867 950 1024 981 dominus
1046 949 1246 980 Passarinus
1271 960 1348 980 cum
1372 956 1539 990 apparatu
1563 959 1623 981 suo
1649 950 1826 981 exiverunt
1851 955 1971 981 contra
1997 948 2171 979 civitatem

332 1002 466 1033 Brixiae
493 1008 526 1033 et
550 1002 750 1034 obsiderunt
781 1003 955 1044 quoddam
988 1008 1137 1033 castrum
1161 1002 1255 1043 quod
1280 1001 1408 1033 dicitur
1441 1001 1563 1038 Nossa,
1589 1008 1622 1033 et
1647 1002 1739 1043 cepit
1771 1002 1856 1033 illud
1890 999 2175 1033 dominusCanis

331 1055 433 1086 salvis
449 1055 605 1096 personis
629 1054 719 1086 intus
745 1054 970 1086 existentibus
994 1060 1028 1085 et
1051 1053 1194 1085 munivit
1217 1052 1302 1085 illud
1325 1065 1389 1095 per
1412 1065 1459 1091 se,
1478 1060 1512 1085 et
1529 1060 1749 1087 vastaverunt
1773 1054 1876 1086 blada
1900 1061 1933 1086 et
1950 1054 2068 1085 vineas
2085 1061 2172 1094 quae

332 1114 429 1138 erant
462 1108 556 1139 circa
586 1107 737 1139 Brixiam
761 1113 794 1138 et
826 1108 1002 1139 redierunt
1036 1107 1208 1139 Veronam
1242 1113 1275 1138 et
1303 1107 1481 1139 Mantuam
1512 1108 1559 1150 iiij
1593 1108 1682 1143 iulii3
1711 1114 1745 1139 et
1779 1115 1926 1140 castrum
1958 1106 2174 1148 praedictum

332 1164 469 1202 captum
493 1160 559 1191 fuit
586 1160 704 1192 sabato
728 1161 762 1191 in
788 1160 942 1192 calendis
965 1160 1037 1191 iulii
1050 1160 1071 1191 ⁴.
1118 1160 1251 1191 Eodem
1276 1160 1454 1192 millesimo
1480 1161 1522 1192 de
1546 1170 1661 1192 mense
1684 1161 1756 1192 iulii
1787 1161 1946 1192 dominus
1973 1157 2176 1191 Guidinelus

334 1214 377 1244 de
409 1212 528 1244 Monte
562 1212 694 1245 Cuculo
724 1224 801 1245 cum
824 1219 921 1255 parte
957 1213 1133 1256 ghibelina
1157 1214 1200 1245 de
1225 1214 1408 1256 Fregnano
1432 1220 1465 1245 et
1488 1214 1731 1245 Manfredinus
1762 1214 1950 1246 Rastaldus
1975 1224 2051 1245 cum
2075 1218 2175 1254 parte

334 1266 453 1308 ghelfa
488 1267 530 1298 de
554 1267 736 1309 Fregnano
767 1268 926 1298 fecerunt
959 1265 1105 1307 [pacem]
1130 1267 1263 1298 insimul
1289 1272 1322 1298 et
1346 1267 1476 1298 firmata
1501 1267 1566 1299 fuit
1598 1278 1660 1308 per
1684 1277 1743 1298 eos
1774 1267 1807 1298 in
1840 1267 1978 1298 civitate
2010 1265 2175 1302 Mutinae,

332 1325 472 1362 regente
497 1319 664 1350 Mutinam
682 1326 715 1351 et
730 1321 895 1351 suadente
914 1320 1052 1351 domino
1070 1321 1256 1351 Francisco
1274 1321 1316 1351 de
1335 1319 1531 1352 Mirandula
1544 1320 1565 1352 ⁵.
1611 1321 1743 1352 Eodem
1760 1320 1939 1352 millesimo
1957 1319 2011 1351 die
2035 1330 2057 1349 x
2080 1328 2176 1349 men-

333 1374 377 1404 sis
401 1373 470 1403 iulii
495 1373 589 1404 facta
613 1373 678 1404 fuit
703 1373 894 1404 commocio
918 1373 953 1404 in
978 1373 1109 1404 Padua:
1135 1373 1185 1404 illi
1209 1373 1251 1404 de
1276 1373 1472 1405 Macaruffis
1497 1385 1574 1405 curn
1606 1373 1786 1414 permultis
1818 1372 2017 1414 potentibus
2049 1371 2097 1402 eis
2124 1381 2175 1402 as-

333 1425 470 1456 sociatis
494 1432 527 1456 et
551 1426 690 1457 domino
714 1425 861 1457 Nicolao
894 1426 936 1457 de
960 1425 1056 1468 Loco
1089 1432 1209 1457 contra
1240 1426 1314 1457 illos
1347 1426 1389 1457 de
1419 1426 1547 1458 Carara
1578 1433 1611 1457 et
1643 1426 1834 1458 Ghibelinis
1866 1425 1979 1456 multis
2012 1424 2177 1456 comitan-

336 1476 425 1507 tibus
449 1485 583 1507 secum:
610 1475 740 1517 expulsi
773 1476 911 1507 fuerunt
944 1476 1122 1507 Macaruffi
1147 1487 1224 1507 cum
1257 1477 1323 1507 suis
1347 1477 1551 1518 sequacibus
1575 1484 1607 1508 et
1639 1477 1737 1508 multi
1770 1477 1904 1518 spoliati
1937 1481 1970 1507 et
1995 1474 2100 1516 aliqui
2125 1473 2178 1503 in-

335 1527 472 1558 terfecti
506 1527 663 1563 fuerunt;
689 1532 809 1567 captus
833 1527 897 1558 fuit
929 1526 1165 1568 Capitaneus,'
1190 1527 1246 1568 qui
1279 1534 1351 1558 erat
1377 1528 1524 1568 pisanus,
1555 1534 1588 1559 et
1621 1528 1776 1559 domiuus
1809 1527 1974 1558 Nicolaus
2004 1526 2048 1557 de
2080 1525 2177 1566 Loco

334 1579 475 1610 multum
499 1580 697 1611 vulneratus
720 1580 785 1611 fuit
798 1579 819 1612 ⁶.
867 1579 997 1611 Eodem
1027 1580 1205 1611 millesimo
1236 1580 1291 1611 die
1316 1581 1402 1611 iovis
1425 1580 1515 1622 xxvij
1550 1580 1621 1611 iulii
1653 1581 1745 1611 venit
1777 1580 1933 1611 dominus
1957 1579 2063 1611 Canis
2086 1576 2178 1608 della

335 1632 436 1664 Scala
460 1633 654 1664 dominator
678 1632 839 1664 Veronae
857 1632 1025 1664 Mutinam
1044 1633 1077 1663 in
1096 1633 1209 1675 Burgo
1227 1633 1431 1665 Cittanovae
1449 1634 1483 1663 in
1503 1634 1604 1665 domo
1638 1633 1765 1665 domini
1783 1633 1930 1664 Gerardi
1947 1633 1990 1663 dc
2006 1629 2177 1673 Bucalinis

336 1690 369 1716 et
393 1684 427 1726 iij
454 1685 509 1716 die
535 1691 611 1726 post
635 1686 729 1716 venit
754 1684 923 1725 [dominus
948 1685 1157 1725 Passarinus]
1183 1696 1260 1716 cum
1286 1696 1403 1716 eorum
1427 1686 1585 1728 gentibus
1609 1692 1643 1717 et
1660 1686 1800 1717 fuerunt
1823 1685 1870 1717 ibi
1894 1694 2001 1727 usque
2026 1684 2071 1715 ad
2088 1682 2179 1714 diem

336 1737 496 1769 mercurii
512 1738 658 1779 proximi
673 1737 700 1774 ⁷;
719 1744 752 1769 et
770 1738 896 1769 cotidie
915 1738 1090 1780 equitabat
1107 1737 1266 1769 dominus
1283 1738 1386 1770 Canis
1404 1744 1437 1770 et
1454 1739 1519 1770 fuit
1536 1749 1638 1780 super
1654 1740 1775 1770 foveas
1792 1738 1963 1770 currendo
1980 1743 2013 1768 et
2026 1735 2178 1767 videndo

429 1856 451 1873 1.
471 1850 498 1872 et
518 1857 586 1881 agg.
606 1849 693 1880 Mun..
717 1851 761 1873 Cr.
782 1863 790 1867 -
811 1850 981 1882 expulerunt
1002 1850 1088 1880 Mun..⁵
1112 1851 1156 1874 Cr.
1178 1863 1209 1867 -—
1230 1859 1254 1881 4.
1275 1850 1427 1881 quoddam]
1447 1850 1497 1875 cos}
1517 1850 1603 1880 Mun„
1628 1852 1687 1880 Caexg
1706 1850 1817 1881 quidem
1833 1849 1866 1874 Α.
1881 1862 1890 1867 —
1905 1847 1990 1881 quod]
2011 1848 2061 1872 cosi
2082 1846 2169 1876 Mum,

339 1892 397 1916 (Tr-‘-
411 1892 458 1922 qui
474 1892 506 1915 Α.
521 1900 534 1914 c
554 1892 582 1915 ll.
602 1896 618 1915 Ο
637 1901 650 1915 e
670 1900 702 1922 14
723 1906 753 1908 —
776 1900 800 1924 5.
820 1892 881 1916 illis
903 1901 950 1916 non
970 1893 982 1915 ὲ
997 1893 1023 1916 in
1043 1900 1134 1915 messem
1154 1896 1227 1922 tesso,
1250 1901 1290 1916 ma
1312 1893 1424 1922 »lipare
1446 1893 1566 1916 ricllieslo
1587 1894 1634 1916 dal
1651 1901 1724 1916 senso
1739 1905 1747 1910 -
1769 1889 1920 1923 quoddam]
1940 1890 1993 1914 cosi
2006 1889 2092 1919 MUR.‚
2115 1889 2176 1913 (ΣΥ-ἓ

337 1935 471 1966 quiddam
486 1936 517 1959 Α.
538 1937 583 1967 qui
601 1946 613 1959 c
634 1938 651 1960 l.
671 1945 703 1966 14
724 1950 756 1954 -—
776 1936 798 1960 S.
820 1935 991 1967 Perizonius]
1006 1936 1055 1960 cosi
1070 1937 1155 1964 Μυιῑ.Ὗ
1177 1938 1233 1965 Cre,
1253 1936 1411 1960 Ponzauius
1428 1937 1458 1960 A.
1476 1951 1505 1954 —
1524 1943 1561 1961 10.
1577 1938 1721 1969 perplures
1740 1934 1906 1966 extrinseci]
1926 1935 2018 1967 plures
2038 1934 2124 1957 etiam
2144 1931 2177 1955 de

337 1978 505 2002 extrinsecis
522 1978 606 2005 Μυκη
624 1992 652 1995 -
671 1986 709 2002 11.
724 1978 902 2002 Ponzionius
917 1979 949 2002 A.
965 1992 995 1995 —
1014 1985 1051 2010 ¹4.
1072 1978 1174 2010 Nossa]
1196 1979 1237 2009 A„
1259 1979 1337 2003 Mun.
1357 1988 1370 2001 e
1385 1980 1430 2004 Cr.
1451 1981 1533 2002 hanno
1546 1979 1630 2003 Nona
1650 1992 1681 1996 -
1706 1985 1744 2009 15.
1760 1977 1818 2011 per]
1839 1985 1889 2011 pro
1904 1978 1980 2001 MUR.
1996 1990 2026 1993 —
2045 1974 2082 1999 16.
2103 1975 2178 1998 clrca

297 2025 309 2049 3
344 2021 357 2042 ὲ
377 2020 403 2043 in
422 2019 455 2043 A.
475 2021 566 2044 scritto
586 2029 614 2044 su
637 2023 716 2044 extra
736 2023 882 2045 cancellato
897 2035 928 2039 -
945 2027 983 2052 17.
999 2019 1186 2044 Guidenellus
1207 2021 1292 2051 MUR.‚
1309 2022 1354 2046 Cr.
1376 2035 1406 2038 —
1424 2021 1461 2045 18.
1476 2021 1630 2045 Vastardus
1645 2021 1683 2051 A;
1697 2021 1852 2045 Rastardus
1869 2021 1922 2048 Cr..
1936 2020 2013 2043 MUR.
2028 2031 2060 2035 —
2078 2024 2117 2049 19.
2130 2022 2177 2048 pt-

283 2265 314 2281 10

283 2475 312 2500 15

286 2892 317 2917 25

341 2069 399 2085 cem
414 2071 480 2094 agg.
495 2062 583 2093 MUR„
605 2064 650 2087 Cr.
669 2077 701 2081 -—
723 2069 762 2087 21.
784 2063 913 2087 comucio
934 2063 967 2087 Α.
985 2076 993 2080 —
1015 2062 1183 2094 Macaruffis]
1210 2063 1261 2087 cos)
1282 2072 1350 2087 corr.
1372 2064 1454 2093 Μυιις
1476 2064 1630 2088 Matabusis
1651 2064 1689 2087 A:
1710 2063 1868 2087 Macabusis
1891 2064 1935 2087 Cr.
1950 2075 1959 2080 -
1973 2060 2070 2085 multis
2091 2059 2178 2088 Mun„

342 2104 387 2128 Cr.
409 2117 440 2121 -
463 2111 503 2129 22.
523 2105 671 2129 Nicolario
693 2106 723 2129 A.
738 2118 747 2123 -
762 2105 893 2129 Carraria
908 2106 985 2129 MUR.
1006 2119 1037 2123 —
1060 2112 1100 2137 ²3-
1115 2104 1269 2136 Macaruffi]
1285 2105 1334 2129 cosi
1356 2106 1445 2135 Μυκη.
1466 2106 1628 2130 Macafonzi
1649 2106 1687 2134 A;
1708 2106 1852 2130 Macabusi
1868 2106 1913 2129 Cr.
1934 2118 1964 2121 -
1986 2110 2027 2134 27.
2047 2101 2178 2126 dominus

338 2145 502 2170 Passerinus
522 2156 570 2171 nou
589 2145 602 2170 ὲ
622 2148 647 2170 7'1!
668 2148 709 2173 A..
730 2148 817 2176 Μυκη
839 2149 898 2178 Cr.3
919 2149 1007 2179 l’agg.
1032 2148 1044 2171 ἓ
1069 2149 1216 2179 sug-gerim
1238 2149 1271 2171 da
1288 2149 1335 2175 M..
1362 2148 1390 2171 T.
1409 2162 1437 2164 —
1460 2147 1499 2171 28.
1521 2148 1575 2172 fuit
1590 2148 1639 2171 cos>
1656 2148 1831 2176 tutt1'1‘testi5
1852 2147 1921 2171 ivit?

431 2222 437 2233 ¹
453 2221 560 2250 Questo
575 2224 690 2247 castello
705 2223 749 2247 dei
765 2223 912 2247 Buzzalini
929 2223 957 2253 (ο
970 2222 1128 2253 Bozzalini)
1140 2231 1234 2255 presso

342 2265 517 2288 villafranca
533 2265 577 2289 nel
592 2265 674 2289 basso
686 2266 832 2289 modencse
848 2264 909 2296 (ora
922 2266 1048 2289 srazione
1060 2265 1104 2289 del
1117 2272 1234 2289 comune

341 2307 369 2330 di
389 2306 527 2338 Medolla)
545 2308 659 2331 dovctte
681 2308 741 2331 indi
762 2315 776 2331 a
797 2315 870 2339 poco
891 2315 979 2331 essere
995 2308 1159 2331 ricostruito
1174 2308 1233 2338 poi-

342 2347 391 2373 che
406 2350 450 2373 nel
468 2356 531 2382 1335
549 2350 577 2373 su
592 2350 693 2374 ceduto
707 2350 741 2374 da
755 2351 808 2373 essi
825 2350 880 2382 agli
898 2349 1007 2373 Estensi
1025 2348 1147 2380 (Tuus,
1162 2350 1233 2379 Di:.‚

341 2391 376 2419 ΙΙ,
396 2390 467 2423 408).

431 2432 441 2447 ‘-'
460 2433 483 2456 11
506 2434 647 2457 fortilizio
662 2435 689 2457 di
704 2434 831 2458 Medolla
847 2434 876 2458 su
891 2441 957 2465 pure
973 2433 1092 2457 rialzato
1108 2441 1120 2457 e
1135 2434 1235 2456 rimase

343 2484 359 2499 o
380 2476 410 2499 fu
429 2477 574 2500 restituito
595 2484 609 2500 a
630 2475 775 2500 Giovanni
796 2477 830 2501 da
850 2476 943 2504 Freto.
965 2477 988 2500 al
1010 2476 1099 2507 quale,
1114 2476 1235 2499 secondo

343 2519 382 2541 M.
398 2526 411 2541 e
425 2517 581 2545 Prisciano,
597 2518 624 2542 lo
639 2519 770 2542 ritolsero
785 2520 831 2550 poi
846 2519 890 2542 nel
906 2525 973 2550 1330
992 2519 1017 2542 le
1031 2518 1140 2541 milizie
1160 2517 1235 2541 della

344 2559 452 2583 Chiesa.
491 2573 523 2577 —
543 2560 594 2583 Per
616 2562 684 2584 tutti
712 2562 801 2592 questi
831 2561 894 2584 fatti
918 2561 997 2584 sonte
1017 2561 1094 2591 quasi
1119 2559 1202 2583 unica
1221 2557 1236 2583 “e

343 2602 364 2625 il
386 2604 485 2625 nostro
506 2603 638 2632 cronista‚
661 2602 705 2625 dal
726 2602 808 2633 quale
827 2602 932 2626 attinse
952 2600 1113 2625 prisciano:
1135 2608 1162 2625 se
1178 2608 1234 2625 non

343 2643 393 2666 che
413 2643 458 2666 dal
486 2643 641 2667 confi-ento
667 2643 695 2666 di
716 2651 777 2667 esso
797 2651 849 2667 con
877 2642 1070 2675 quest’ultimo
1097 2650 1110 2666 e
1129 2650 1182 2666 con
1202 2642 1234 2667 T.

284 2696 296 2703 -
346 2686 444 2710 risulta
464 2686 513 2709 che
533 2693 631 2710 manca
651 2687 680 2710 in
695 2687 848 2718 principio,
874 2687 1093 2710 anteriormente
1113 2685 1169 2710 alia
1190 2693 1236 2709 no-

345 2727 417 2752 tlzia
435 2727 509 2751 della
524 2729 709 2752 restituzione
723 2729 751 2752 di
765 2727 898 2760 Magi-eta,
919 2728 1064 2752 l'accenno
1079 2727 1136 2752 alla
1155 2728 1236 2751 resti-

346 2771 461 2793 tuzione
480 2769 510 2793 di
529 2769 728 2802 Spilamberto,
747 2770 797 2794 che
810 2770 919 2794 doveva
933 2777 1022 2794 essere
1037 2770 1121 2801 press’
1137 2777 1150 2793 a
1164 2777 1235 2800 poco

346 2809 405 2835 cosi
434 2811 605 2836 formulato:
636 2812 765 2836 “Eodem
791 2811 944 2836 millesimo
974 2812 1019 2835 die
1044 2806 1234 2844 sabati'xviij

348 2852 360 2865 “
373 2853 506 2878 februarii
528 2854 664 2878 Nicolaus
683 2854 716 2878 de
730 2854 820 2878 Fredo
834 2855 961 2878 restituit
976 2855 1096 2878 castrum
1116 2853 1235 2885 Spilam-

348 2895 442 2920 “berti
469 2897 581 2920 comuni
602 2896 738 2924 Mutinae.
758 2896 832 2928 quod
852 2896 966 2920 tenebat
989 2895 1105 2920 nomine
1125 2895 1236 2919 domini

349 2938 531 2967 “Passarini3
551 2939 577 2962 et
598 2938 636 2962 sic
657 2937 797 2962 Iohannes
822 2938 855 2961 de
875 2937 966 2962 Fredo
987 2938 1124 2962 liberatus
1142 2939 1184 2961 est
1203 2936 1236 2961 de

1293 2226 1433 2253 “cai-cere.
1459 2227 1485 2248 et
1506 2233 1553 2257 per
1574 2226 1626 2249 hoc
1647 2225 1690 2248 illi
1713 2225 1746 2248 de
1766 2224 1856 2248 Fredo
1880 2223 2072 2247 remanserunt
2093 2223 2121 2244 in
2142 2222 2180 2244 ci-

1292 2266 1304 2278 “
1317 2267 1418 2291 vitate:
1439 2269 1465 2291 et
1485 2268 1530 2290 die
1545 2267 1674 2290 mercurii
1691 2267 1750 2299 xxij
1768 2266 1900 2290 februarii
1917 2283 1929 2295 „
1960 2271 2013 2288 ece.
2035 2270 2114 2287 come
2134 2263 2178 2286 nel

1290 2311 1370 2332 testo.
1408 2308 1421 2332 1
1441 2309 1492 2332 due
1513 2308 1623 2332 castelli
1643 2308 1772 2332 distrutti
1793 2307 1951 2338 nell'aprile
1972 2306 2075 2329 furono
2096 2304 2179 2328 Buz-

1291 2351 1413 2374 zalino
1434 2358 1529 2383 presso
1549 2350 1726 2374 Villafranca
1747 2349 1871 2380 (naria,
1891 2349 1963 2377 Dim,
1982 2347 2015 2375 11,
2036 2346 2099 2378 408)
2112 2353 2127 2371 e
2142 2353 2179 2370 un

1290 2392 1364 2416 altro
1385 2400 1478 2425 presso
1499 2392 1658 2416 Medolla
1678 2391 1741 2421 (ivl⁷
1760 2391 1794 2420 11,
1814 2391 1870 2423 39)⁷
1890 2391 1966 2414 l'una
1985 2397 1999 2414 e
2025 2389 2118 2413 l’altra
2137 2389 2178 2413 lo-

1290 2434 1375 2458 calita
1396 2434 1469 2458 nella
1483 2436 1603 2466 pianura
1617 2435 1773 2461 modenese.
1794 2440 1808 2456 a
1823 2430 1949 2456 mezzodl
1964 2432 1992 2456 di
2007 2431 2178 2455 Mirandola.

1378 2473 1388 2490 ³
1408 2476 1435 2499 Si
1457 2476 1491 2499 cf.
1515 2476 1573 2499 Chr.
1589 2479 1688 2506 parm,
1708 2474 1779 2498 ediz.
1800 2473 1928 2503 Bonazzi‚
1948 2481 1973 2505 p.
1998 2471 2054 2504 156‚
2075 2470 2178 2502 11.5-8;

1293 2519 1352 2541 Clzr.
1373 2525 1438 2549 reg„
1458 2517 1499 2541 ed.
1520 2518 1576 2545 cit,
1596 2516 1696 2544 XVIII,
1717 2523 1758 2548 30.

1378 2558 1389 2574 ⁴
1409 2559 1438 2583 Si
1460 2561 1545 2583 tratta
1566 2559 1609 2583 del
1631 2558 1746 2582 castello
1768 2558 1797 2582 di
1817 2557 1921 2583 Nozza.
1943 2557 2048 2580 attuale
2075 2557 2180 2580 circon-

1291 2601 1370 2625 dario
1391 2601 1418 2624 di
1439 2599 1514 2625 Salo.

1377 2641 1387 2657 ⁵
1408 2642 1495 2674 Sopra
1516 2644 1611 2673 queste
1636 2643 1697 2674 paci
1726 2642 1879 2673 srignanesi
1907 2640 1951 2664 del
1974 2639 2040 2671 1318
2065 2641 2088 2664 si
2110 2639 2180 2664 veda

1290 2684 1335 2708 cio
1355 2685 1404 2708 che
1425 2693 1457 2708 ne
1476 2684 1491 2708 ὲ
1516 2686 1594 2708 detto
1621 2684 1693 2709 nelle
1720 2686 1785 2708 note
1811 2683 1836 2707 al
1866 2683 1925 2707 Chr.
1951 2682 2089 2714 Fraegrnani
2111 2682 2179 2714 (ap-

1291 2728 1442 2758 pendice
1463 2726 1520 2758 VI).

2199 789 2236 819 10

2201 1051 2237 1082 15

2200 1318 2241 1348 20

2203 1578 2242 1607 25

2209 2346 2242 2372 30

2208 2556 2239 2582 35

1377 2767 1387 2783 θ
1407 2767 1514 2795 Questo
1534 2769 1676 2792 tentativo
1697 2768 1739 2791 dei
1761 2766 1901 2790 Macaruffi
1923 2766 1952 2790 su
1979 2766 2107 2790 l’ultimo
2134 2766 2177 2790 dei
2206 2765 2241 2792 40

1290 2811 1482 2842 repubblicani
1504 2811 1531 2834 di
1552 2810 1666 2834 Padova
1687 2811 1786 2833 contro
1801 2809 1827 2832 la
1842 2809 2040 2832 dominazione
2054 2808 2099 2832 dei
2115 2807 2179 2832 Car-

1292 2853 1390 2880 raresi;
1411 2853 1445 2876 cf.
1466 2852 1605 2881 Fanum-1,
1630 2852 1727 2882 Opera,
1746 2850 1780 2879 Π,
1802 2856 1922 2883 254-257,
1948 2858 1962 2874 e
1983 2849 2124 2880 Comum,
2146 2851 2174 2874 in

1292 2896 1355 2919 RH.
1379 2895 1415 2918 ΙΙ.
1438 2895 1496 2922 SS..
1516 2894 1576 2922 xn,
1596 2892 1719 2926 813-814.

1377 2935 1387 2951 ⁷
1400 2936 1423 2960 11
1436 2938 1526 2968 primo
1538 2933 1688 2960 mercoledl
1700 2935 1773 2967 dopo
1786 2935 1806 2958 11
1818 2941 1850 2967 ²7
1862 2934 1953 2966 luglio
1967 2934 1998 2958 su
2009 2934 2029 2958 il
2045 2940 2059 2958 2
2071 2935 2178 2966 agosto.
