2318 3603
253 2109 282 2125 10

251 2530 283 2546 ΖΟ

766 253 1104 288 FRAGMENTA
1136 251 1268 287 MEM.
1297 250 1407 288 POT.
1439 253 1686 288 MUTINAE

1846 257 1930 292 [ΛΑ.
1952 259 2145 291 1220-12241

312 380 378 406 tem
402 375 611 407 Tolosanum
636 375 807 408 fautorem
832 376 1061 408 hereticorum
1086 381 1120 407 et
1142 375 1414 407 ardentissimum
1440 376 1675 412 defensorem3
1707 375 1761 407 cui
1792 375 1957 408 successit
1979 375 2013 407 in
2038 385 2144 418 regno

311 426 508 460 Ludovicus
531 428 620 459 filius
642 428 714 460 eius
729 428 749 460 ¹.

399 480 435 510 In
460 480 614 513 M⁰.ccxx
627 480 649 512 ².
674 481 816 524 Ciliolus
842 481 975 513 Giberti
991 482 1034 512 de
1051 481 1174 513 Parma
1197 481 1263 513 fuit
1286 481 1442 513 Potestas
1458 480 1614 513 Mutinae
1628 482 1650 513 ³.
1675 482 1777 514 Dicto
1793 487 1948 522 tempore
1971 481 2145 513 Mutinen-

317 543 369 563 ses
392 534 529 565 iverunt
551 535 588 565 in
611 533 735 566 finibus
757 534 1022 567 Mantuanorum
1046 544 1108 576 pro
1132 533 1311 566 obsidione
1328 545 1428 576 quam
1453 535 1612 566 fecerunt
1636 534 1773 577 Regini,
1791 533 1994 566 Parmenses
2011 540 2046 566 et
2062 532 2146 566 Cre-

316 595 493 618 monenses
518 587 609 628 apud
634 587 851 630 Goncagamg
877 593 911 619 et
935 587 1092 620 dominus
1115 587 1322 619 Fredericus
1346 587 1580 619 Romanorum
1605 588 1791 629 imperator
1814 592 1999 619 coronatus
2021 586 2088 618 fuit
2111 586 2146 617 in

311 638 452 670 basilica
476 639 595 672 Sancti
620 640 714 672 Petri
741 651 830 673 anno
853 640 950 684 xxij.⁰
973 641 1071 682 regni
1096 641 1211 682 ipsius.
1241 640 1284 671 Et
1317 641 1411 672 dicto
1443 647 1595 682 tempore
1627 646 1815 673 mercatum
1846 645 1997 682 emptum
2028 639 2096 671 fuit
2127 650 2146 670 a

311 690 466 724 Comune
490 692 645 724 Mutinae
670 699 704 724 et
727 699 914 726 mercatum
938 693 987 724 ibi
1013 692 1206 724 ordinatum
1231 693 1295 724 fuit
1319 700 1352 724 et
1375 693 1494 724 domus
1519 704 1606 735 quae
1629 699 1707 725 sunt
1734 703 1753 723 a
1776 692 1911 724 Palatio
1943 692 2051 724 veteri
2081 691 2148 725 Co-

310 744 421 775 munis
444 744 599 777 Mutinae
622 755 730 787 usque
755 746 798 778 acl
823 745 1052 778 Bonissimam
1079 745 1137 786 [et]
1162 755 1269 787 usque
1301 746 1344 777 ad
1377 745 1496 777 canale
1528 755 1588 776 suo
1613 751 1765 788 tempore
1790 744 1960 790 lCiliolus]
1985 744 2142 777 Potestas

312 797 467 828 Mutinae
493 797 574 829 emit
598 808 660 839 pro
685 798 832 830 Comuni
855 797 1029 834 Mutinae;
1056 799 1152 830 cuius
1175 798 1292 843 §tilioli
1316 798 1498 839 [tempore]
1521 808 1588 839 pax
1604 797 1816 841 Reginorum
1833 804 1867 829 et
1881 797 2148 829 Mantuanorum

310 851 403 890 apud
427 849 595 882 Mutinam
619 851 795 883 mediante
819 851 1119 893 archiepiscopum
1147 851 1457 894 Madeburgensem
1491 850 1665 883 celebrata
1695 852 1771 883 fuit.
1804 850 1955 888 Quidem
1988 850 2146 894 Reginus

313 903 371 944 qui
397 903 614 935 custodiebat
636 903 671 934 in
695 903 822 945 palatio
848 904 1013 945 Episcopi
1037 904 1191 936 Mutinae
1224 910 1420 936 carceratos
1443 903 1625 946 quemdam
1653 909 1880 942 carceratum,
1903 903 1957 935 cui
1981 913 2049 935 non
2071 913 2149 945 per-

314 955 469 988 mittebat
495 956 537 987 de
563 957 706 989 caritate
731 957 796 988 sibi
820 957 920 989 missa
944 958 1114 999 accipere,
1139 968 1181 987 ex
1205 957 1305 998 alapa
1328 957 1512 998 percussit:
1538 966 1605 999 qua
1628 966 1665 987 re
1690 955 1868 988 Mantuani
1892 966 1934 988 ex
1956 956 2016 988 illa
2046 966 2149 988 occa-

307 1008 402 1039 sione
428 1009 471 1040 ad
497 1019 589 1040 arma
613 1010 785 1042 currendo
809 1010 1002 1051 praefatum
1028 1009 1200 1052 Reginum
1217 1009 1467 1041 interfecerunt·
1480 1009 1502 1047 ⁴,
1520 1010 1563 1041 de
1581 1019 1647 1052 quo
1664 1008 1758 1041 facto
1775 1009 1989 1040 Mutinenses
2005 1009 2146 1040 multum

314 1060 506 1093 contristati
529 1068 617 1093 sunt.

396 1113 447 1131 *³³*
461 1114 472 1130 ⁵
497 1115 533 1147 in
556 1115 760 1158 M.⁰ccxxiij.
785 1116 816 1147 in
844 1116 900 1148 die
924 1117 1048 1148 natalis
1071 1116 1213 1148 Domini
1238 1115 1327 1147 inter
1352 1121 1479 1147 sextam
1498 1121 1531 1147 et
1547 1125 1671 1147 nonam
1688 1124 1752 1157 per
1767 1120 1870 1146 totam
1887 1114 2019 1146 Italiam
2035 1115 2148 1147 factus

309 1174 359 1198 est
383 1173 609 1200 terraemotus
632 1178 776 1211 magnus
799 1175 833 1200 et
856 1179 958 1211 super
982 1179 1100 1200 omnes
1122 1168 1225 1201 urbes
1247 1168 1367 1200 Italiae
1391 1169 1513 1200 civitas
1536 1167 1672 1199 Brixiae
1704 1167 1957 1199 incredilibiter
1980 1177 2148 1210 conquas—

311 1226 386 1251 sata
411 1220 592 1252 maximum
617 1221 791 1262 danpnum
816 1222 976 1254 sustinuit
998 1222 1035 1252 in
1058 1222 1171 1258 rebus
1188 1221 1347 1254 domibus
1369 1227 1404 1253 et
1427 1221 1583 1262 personis
1596 1220 1618 1251 ⁶.

402 1272 475 1292 ΜΗ
501 1274 535 1304 in
560 1274 779 1318 M⁰.ccxxiiij.
804 1274 905 1317 [Aoo]
929 1275 1083 1306 marchio
1107 1274 1310 1306 adolescens
1334 1280 1369 1306 et
1393 1274 1567 1317 Ricardus
1591 1284 1707 1307 comes
1731 1273 1850 1306 Sancti
1875 1273 2047 1306 Bonifacii
2071 1283 2148 1305 cum

308 1326 566 1358 Veronensibus
591 1334 624 1359 et
647 1327 848 1359 Mantuanis
872 1327 1128 1368 Salinguerram
1150 1327 1185 1359 in
1210 1326 1350 1359 Feraria
1375 1327 1584 1359 obsiderunt.
1617 1327 1678 1359 Ille
1710 1338 1786 1359 cum
1818 1332 1907 1358 esset
1939 1326 2084 1358 callidus
2114 1332 2149 1358 et

2175 822 2237 882 10r

2176 1115 2211 1145 15

309 1385 437 1412 astutus
454 1380 571 1412 comiti
587 1380 649 1412 sub
667 1380 933 1422 composicionis
949 1381 1064 1422 specie
1082 1381 1210 1412 intrare
1228 1381 1400 1412 Ferariam
1417 1380 1586 1421 persuasit
1601 1379 1835 1421 capiens[que]
1850 1379 1961 1421 ipsum
1979 1385 2014 1411 et
2029 1388 2147 1412 omnes
2162 1370 2205 1411 20

312 1433 369 1474 qui
394 1439 491 1465 erant
515 1443 590 1465 cum
616 1444 657 1465 eo
681 1434 824 1476 ingressi
850 1434 892 1465 ab
916 1433 1097 1466 obsidione
1122 1433 1296 1464 Ferat-iam
1314 1432 1490 1464 liberavit:
1509 1438 1587 1474 post
1604 1433 1777 1464 modicum
1795 1442 1878 1464 vero
1893 1438 2038 1474 tempus,
2057 1432 2150 1464 facta

310 1487 575 1528 composicione,
601 1497 715 1518 comes
738 1487 824 1518 suita
847 1487 994 1518 vinculis
1017 1486 1183 1518 liberatus
1196 1486 1218 1518 ⁸.

397 1651 417 1668 1.
439 1645 614 1677 tolosanum]
629 1645 679 1668 cosi
697 1646 756 1669 Chr.
774 1646 830 1668 Est.
844 1654 847 1668 :
864 1645 1022 1668 telosanum
1036 1644 1059 1666 A
1075 1658 1082 1661 -
1098 1644 1336 1669 arideutiss.mum
1357 1644 1395 1667 A:
1406 1645 1625 1668 audacissimum
1641 1644 1702 1668 Chr.
1718 1644 1775 1667 Est.
1790 1656 1798 1660 -
1813 1645 1915 1667 stu-esst
1928 1643 1951 1666 A
1977 1657 1997 1659 -.
2013 1651 2036 1673 4.
2051 1650 2103 1674 qua
2122 1642 2147 1667 A

309 1702 324 1704 —
360 1694 384 1718 5.
404 1688 537 1712 Fedricus
556 1688 578 1711 A
600 1701 630 1705 —
652 1687 675 1711 6.
696 1689 769 1712 santi
792 1689 816 1711 A
836 1701 867 1705 -
892 1695 913 1719 7.
934 1688 1056 1712 Comuni
1077 1688 1153 1712 MUR.
1174 1701 1181 1705 —
1201 1688 1301 1712 domos
1321 1688 1396 1712 Mun.
1418 1701 1449 1704 —-
1474 1688 1496 1710 S.
1518 1691 1545 1711 et
1560 1697 1572 1710 e
1593 1687 1717 1720 §iliolus
1738 1695 1786 1711 non
1804 1696 1864 1710 ,ωηο
1883 1688 1909 1710 in
1930 1688 1953 1711 A
1973 1696 1986 1710 ε
2011 1686 2088 1711 Mun.
2114 1700 2146 1703 —

306 1740 331 1759 (1.
349 1734 391 1756 cni
414 1732 516 1756 Gilioli
539 1739 592 1765 pax
614 1733 650 1757 A:
671 1734 714 1756 cui
735 1732 848 1756 Giliolo
868 1740 923 1764 pax
943 1733 1021 1756 Μυκ.
1041 1741 1081 1755 ma
1102 1732 1259 1763 l'origimzle
1279 1732 1347 1756 (ιτ-νὴ
1368 1736 1448 1756 avuta
1468 1732 1522 1755 cui*
1541 1740 1560 1753 Σ
1581 1732 1660 1756 cuius
1682 1745 1712 1749 —
1736 1738 1774 1755 10.
1795 1729 2015 1764 Archiepiscopo
2034 1730 2147 1763 Magde-

307 1777 439 1808 burgensi
459 1776 536 1801 Mun.
558 1791 564 1794 -
586 1777 743 1801 celebrabat
761 1777 873 1807 quidam
895 1776 1021 1808 Regnum
1043 1777 1083 1800 A:
1105 1776 1244 1800 celebrata
1263 1779 1312 1801 est.
1334 1774 1456 1803 Quidam
1470 1776 1596 1808 Reginus
1618 1776 1694 1799 Mun.
1716 1790 1729 1792 ἡ
1772 1782 1808 1798 11.
1829 1776 1945 1806 quedam
1965 1776 1990 1798 A
2011 1788 2040 1792 -
2063 1781 2146 1799 11—12.

307 1821 479 1852 promitebat
498 1821 520 1844 Α
547 1834 573 1838 —-
598 1827 635 1844 12.
656 1822 751 1853 accipe
769 1821 848 1845 schio
869 1828 905 1852 po
925 1821 1049 1853 perensit
1068 1820 1091 1843 A
1112 1833 1122 1838 -
1141 1827 1176 1844 ex
1196 1821 1276 1851 alapa
1297 1830 1343 1844 om.
1366 1821 1441 1844 Mun.
1462 1834 1492 1838 —-
1517 1827 1555 1852 13.
1575 1821 1699 1844 curando
1714 1821 1738 1843 A
1759 1833 1784 1837 -
1802 1826 1886 1851 13-14.
1902 1819 1935 1843 de
1948 1826 2002 1850 qua
2017 1819 2145 1843 sacto...

309 1867 381 1890 sunt.
395 1874 442 1889 om.
463 1865 540 1890 MUR.
560 1879 590 1882 b
617 1872 653 1896 15.
674 1866 835 1889 nativitatis
859 1866 919 1889 Chr.
939 1866 997 1889 Est.
1018 1878 1049 1882 -
1068 1863 1107 1889 16.
1126 1867 1277 1889 teremotus
1291 1865 1314 1888 A
1334 1878 1341 1881 -
1361 1866 1498 1888 maximus
1523 1864 1581 1888 Chr.
1597 1866 1655 1888 Est.
1668 1877 1677 1882 —
1689 1865 1850 1888 larissiensis
1866 1864 1926 1888 Chr.
1941 1864 1999 1888 Est.
2013 1876 2046 1882 —
2063 1861 2147 1894 16-17.

307 1912 480 1941 conquasata
499 1911 523 1933 A
544 1923 576 1927 —
600 1916 638 1941 17.
658 1910 794 1943 dapinum
814 1910 838 1932 A
860 1922 891 1927 —
916 1908 954 1933 18.
973 1910 1004 1933 in
1022 1915 1088 1940 1224
1106 1909 1129 1933 Α
1147 1922 1155 1927 ·
1174 1910 1252 1943 Acco
1273 1911 1285 1933 ὲ
1305 1910 1331 1933 in
1352 1911 1414 1935 Chr.
1436 1910 1494 1933 Est.
1515 1922 1522 1926 -
1543 1909 1689 1933 adolesens
1709 1909 1734 1933 A
1753 1920 1786 1927 -—
1809 1915 1847 1940 ¹9·
1867 1908 1914 1932 Set
1935 1908 1983 1932 ille
2004 1909 2066 1933 Chr.
2087 1908 2146 1932 Est.

308 1967 340 1972 -—
362 1961 402 1978 20.
421 1956 589 1986 capiensque
610 1955 670 1979 Chr.
692 1955 750 1978 Est.
771 1967 802 1971 —
825 1961 865 1978 21.
886 1961 946 1977 cum
966 1953 1011 1986 eo]
1031 1961 1121 1978 secum
1144 1954 1203 1978 Chr.
1219 1955 1277 1977 Est.
1296 1967 1305 1971 -
1327 1955 1429 1985 ingresi
1446 1955 1468 1977 Α
1491 1967 1498 1970 -
1520 1953 1595 1985 post]
1609 1954 1659 1977 cosi
1678 1954 1738 1977 Chr.
1759 1953 1835 1981 Est.;
1857 1955 1972 1985 propter
1997 1953 2030 1976 A.
2051 1965 2084 1970 -—·
2105 1958 2145 1976 22.

308 1999 452 2023 absolutus
473 1999 533 2024 Chr.
555 2000 613 2023 Est.

400 2100 407 2116 ¹
428 2101 451 2125 Il
474 2102 534 2125 Chr.
556 2102 623 2126 Est..
646 2108 669 2133 p.
689 2101 757 2124 11.1.
776 2108 803 2124 11
822 2101 883 2124 dice
898 2101 960 2124 solo
981 2101 1030 2124 che
1053 2100 1109 2123 “de
1129 2107 1205 2124 men-

314 2143 325 2155 ‘⁴
338 2150 378 2166 scs
400 2143 563 2175 septembris
584 2145 716 2176 apparuit
737 2146 844 2167 cometa
857 2160 880 2174 υ,
901 2152 915 2166 (²
935 2143 983 2174 poi
1006 2144 1122 2175 registra
1149 2150 1202 2166 con

311 2185 335 2208 le
355 2187 440 2210 stesse
461 2187 566 2217 parole.
587 2186 681 2213 ivi,1l.
699 2192 785 2216 12-13.
807 2186 832 2209 xa
854 2190 943 2209 morto
964 2186 1008 2209 del
1029 2192 1058 2209 re
1071 2186 1097 2208 di
1120 2185 1205 2209 Fran-

312 2228 363 2251 via.
384 2228 531 2258 ripctcnclo
552 2228 664 2250 ven-ore
686 2229 712 2250 (11
741 2228 896 2250 ε]11;1111;11·1ο
918 2227 1077 2255 Ludovico,
1097 2228 1203 2250 mentre
1228 2242 1230 2244 -

311 2270 334 2292 si
354 2272 442 2293 tratta
463 2270 492 2293 di
515 2268 632 2302 Filippo
654 2269 685 2293 11.
709 2269 868 2299 {Augusta
890 2272 982 2292 morto
1005 2270 1162 2292 veramente
1182 2268 1201 2291 il

269 2316 279 2337 ς
313 2318 343 2342 ¹⁴
363 2311 455 2343 luglio
479 2317 552 2343 1223,
566 2321 580 2334 e
599 2311 685 2342 padre
705 2313 732 2334 (11
755 2311 835 2341 Luigi
860 2310 931 2334 VIII.
954 2311 975 2334 11
992 2309 1090 2339 Leone,
1112 2313 1202 2333 morto

309 2354 356 2385 poi
377 2353 432 2376 alla
453 2360 502 2376 sua
522 2353 599 2377 volta
621 2352 666 2376 nel
689 2352 762 2376 1220.

399 2394 408 2409 2¹
429 2393 474 2417 Cf.
496 2394 559 2418 Chr.
581 2395 623 2418 dcl
644 2395 777 2422 Bazzano,
799 2402 823 2425 1).
847 2401 886 2425 13,
908 2397 974 2417 nota
994 2394 1018 2417 ὅ.

397 2434 407 2449 ³¹
428 2434 535 2463 Questo
557 2438 667 2460 ritorno
690 2436 814 2460 indietro
832 2435 1002 2459 ncll'ordine
1016 2435 1202 2465 cronologico

312 2486 366 2502 non
389 2479 411 2502 si
431 2479 529 2510 spiega
550 2487 576 2501 se
598 2487 652 2502 non
675 2486 728 2502 con
750 2479 775 2502 la
796 2477 995 2510 snpposizione
1010 2478 1057 2501 che
1072 2478 1097 2500 le
1112 2484 1201 2509 prece-

311 2521 389 2544 denti
405 2520 510 2544 notizie
525 2521 568 2544 del
586 2526 696 2544 1221-22
714 2521 821 2544 fossero
836 2519 1048 2551 ncll’originale
1062 2519 1105 2542 del
1121 2520 1202 2542 Jlem.

312 2563 372 2585 Pot.
395 2563 462 2585 blac.
483 2562 579 2586 sci-itte
601 2563 643 2585 nel
665 2563 791 2593 margine
811 2569 864 2585 con
893 2562 972 2593 segni
999 2562 1026 2584 di
1055 2561 1201 2587 richiamo‚

312 2604 355 2627 (lei
370 2604 446 2635 quali
464 2604 482 2626 11
495 2604 603 2635 eopi÷ta
616 2602 725 2634 sbaglib
742 2603 761 2626 il
778 2603 963 2627 riferimento.
974 2602 996 2625 [l
1010 2605 1101 2634 primo
1111 2603 1201 2626 brano

310 2646 351 2674 511.
371 2645 431 2677 3-6:
450 2646 578 2670 Da'cto...
600 2646 694 2677 ipsius]
715 2645 728 2669 ὸ
758 2647 882 2678 ripctuto
912 2646 966 2668 alla
999 2646 1096 2669 lettera
1126 2645 1200 2668 nella

311 2695 429 2712 cronaca
450 2689 476 2711 di
499 2687 642 2711 Giovanni
666 2689 699 2711 da
721 2689 852 2717 Bazzano,
872 2696 896 2719 p.
921 2695 959 2719 13,
982 2687 1011 2710 11.
1026 2694 1088 2719 9·¹3
1109 2694 1122 2710 e
1144 2694 1200 2710 non

251 2742 280 2765 25
310 2729 323 2754 ὲ
346 2730 388 2753 uel
420 2729 477 2753 Chr.
508 2731 563 2754 Est.
585 2730 661 2754 82:111.
684 2731 845 2762 spedizione
866 2730 894 2753 di
915 2728 1060 2760 Gonzaga.
1081 2729 1116 2752 cf.
1139 2729 1199 2767 Chr.

311 2772 408 2796 Parm..
427 2772 465 2796 ed.
488 2772 617 2799 Bouazzi‚
638 2779 663 2805 p.
683 2780 707 2803 9,
728 2773 746 2797 1.
765 2780 790 2803 4.

397 2814 406 2828 ⁴
427 2813 534 2841 Questo
549 2814 670 2838 secondo
685 2816 783 2844 tmtto,
797 2814 872 2837 dall-„1
890 2822 1000 2845 rompra
1017 2814 1059 2837 de]
1075 2812 1199 2837 Mercato

312 2858 340 2879 111
366 2856 414 2889 poi
442 2855 483 2887 [11.
504 2855 583 2888 6—13:
604 2856 640 2879 Et*
658 2857 741 2880 dicu.
755 2876 776 2880 ..
797 2855 1009 2886 interfecerunt&
1029 2855 1058 2879 su
1080 2855 1126 2879 dal
1139 2854 1198 2878 Mu-

311 2899 397 2921 ratori
421 2898 594 2929 interpolato
617 2898 689 2921 nella
711 2905 828 2921 cronaca
850 2897 894 2920 del
918 2897 1054 2925 Bazzano,
1076 2896 1128 2920 col.
1149 2903 1200 2928 559

312 2940 368 2963 AB.
388 2948 401 2963 c
423 2947 476 2963 non
498 2939 512 2964 ὲ
541 2940 585 2963 nel
619 2940 679 2964 Chr.
708 2939 762 2964 Est.
803 2939 841 2963 La
872 2939 1031 2963 Bonissima
1061 2937 1074 2962 ὲ
1104 2939 1198 2962 un‘an-

310 2983 367 3005 tica
380 2983 513 3006 statuetta
527 2982 662 3011 (secondo
677 2982 769 3005 alcuni
787 2983 1016 3013 rappresentante
1030 2981 1056 3003 la
1071 2982 1199 3004 contessa

311 3022 437 3048 Matnde.
465 3022 587 3046 secondo
615 3023 681 3046 altri
710 3030 763 3046 una
790 3023 884 3046 donna
905 3022 1089 3046 caritatevole
1110 3022 1139 3045 di
1158 3022 1198 3045 tal

1260 2100 1352 2131 nome)
1375 2102 1455 2131 posta
1481 2100 1653 2131 sull’angolo
1674 2099 1716 2123 del
1739 2099 1856 2130 palazzo
1876 2098 2024 2122 comunale
2044 2098 2073 2122 di
2092 2097 2150 2121 Μο-

1259 2143 1329 2166 dena
1349 2142 1392 2165 sul
1409 2142 1551 2174 principio
1566 2141 1593 2164 di
1611 2143 1655 2165 via
1670 2141 1713 2164 del
1729 2140 1897 2165 Castexlaro.
1935 2139 2149 2163 L‘arcivescovo

1260 2185 1290 2208 di
1310 2185 1501 2215 Magdeburgo
1520 2191 1565 2208 era
1586 2184 1704 2207 Aiberto
1724 2183 1754 2207 di
1780 2182 1970 2214 Kevernburg‚
1999 2187 2148 2213 1205·1232

1258 2225 1306 2256 (cf.
1327 2226 1423 2250 Gnms.
1444 2224 1513 2257 288).

1348 2269 1431 2291 circa
1452 2267 1614 2291 l‘anecldoto
1634 2268 1677 2290 del
1700 2269 1834 2298 reggiano
1857 2266 1972 2290 custode
1998 2266 2071 2290 delle
2090 2273 2149 2290 car-

1257 2311 1314 2333 ceri
1335 2311 1365 2333 in
1389 2310 1517 2333 Moderm.
1538 2309 1551 2333 'c
1571 2309 1607 2333 da
1625 2309 1767 2332 avvertire
1787 2309 1835 2332 che
1856 2315 1912 2332 non
1936 2309 1958 2332 si
1981 2307 2148 2340 comprende

1259 2353 1326 2375 hone
1347 2353 1395 2375 cho
1415 2359 1480 2375 cosa
1502 2351 1665 2375 r'cntrinoi
1688 2350 1860 2374 “Mantuani
1875 2359 1904 2381 „:
1925 2350 2038 2382 quando
2053 2355 2107 2374 non
2123 2350 2148 2374 si

1259 2396 1389 2417 tranasse
1404 2394 1431 2417 di
1450 2394 1616 2417 Mantovani
1633 2393 1696 2417 fatti
1709 2393 1879 2425 prigionieri
1896 2392 1972 2416 colla
1983 2391 2148 2424 spedizione

1258 2436 1284 2458 di
1306 2434 1444 2467 Gonzaga
1462 2442 1477 2459 e
1496 2435 1618 2459 tradotti
1640 2437 1668 2458 in
1689 2441 1798 2458 carcere
1819 2443 1833 2458 a
1852 2434 1983 2458 Modena.

1328 2475 1337 2491 5
1357 2476 1457 2500 Manca
1477 2477 1499 2500 il
1520 2484 1602 2500 nome
1621 2476 1666 2500 del
1680 2473 1797 2509 podest—a
1812 2475 1855 2499 del
1878 2482 1958 2507 1²²3?
1974 2475 2069 2499 vedasi
2085 2474 2146 2500 Chr.

1258 2518 1300 2541 del
1322 2518 1451 2542 Bazzano
1471 2525 1484 2541 a
1506 2525 1531 2549 p.
1555 2525 1594 2549 14.
1617 2519 1682 2541 nota
1702 2524 1726 2549 7.

1344 2558 1354 2573 ¹3·
1374 2558 1480 2586 Questo
1501 2561 1589 2583 tratto
1610 2559 1652 2590 [11.
1676 2564 1751 2590 15-17
1765 2568 1769 2582 z
1790 2561 1817 2582 in
1830 2559 1887 2582 die.
1902 2577 1906 2582 .
1920 2577 1923 2581 .
1940 2556 2072 2589 personis]
2086 2556 2100 2581 ὲ
2114 2558 2148 2581 ri-

1257 2602 1394 2634 prodotto
1415 2602 1460 2625 dal
1485 2603 1544 2625 (ihr.
1574 2602 1640 2630 Est„
1660 2608 1685 2633 p.
1710 2608 1747 2625 11.
1763 2601 1792 2624 11.
1809 2606 1894 2632 17-19.
1933 2598 1981 2624 Sul
1994 2601 2146 2624 ten-remoto

1256 2645 1284 2667 di
1308 2644 1425 2673 urescia,
1445 2644 1494 2667 che
1518 2644 1544 2666 su
1566 2643 1608 2667 nel
1631 2642 1725 2667 natale
1744 2642 1789 2666 del
1806 2647 1868 2665 1222
1890 2642 2013 2666 secondo
2033 2641 2061 2665 lo
2081 2641 2147 2665 stile

1256 2692 1381 2715 comune,
1403 2685 1439 2708 cf.
1460 2685 1556 2708 Annas.
1580 2684 1738 2711 Brm'onses,
1753 2684 1783 2706 in
1801 2683 1855 2706 Mo
1866 2691 1890 2706 u.
1905 2681 2032 2712 Germ..
2046 2681 2146 2710 XVIII.

1255 2728 1315 2751 811.
1849 2717 1851 2719 .

1344 2768 1352 2783 ἵ
1373 2769 1472 2792 Manca
1498 2769 1518 2792 il
1548 2776 1627 2792 nome
1647 2769 1689 2792 dei
1711 2765 1828 2799 poda-sta
1849 2767 1892 2790 del
1917 2773 1998 2798 1224;
2026 2767 2060 2790 cf.
2084 2766 2146 2791 Chr.

1257 2812 1299 2835 (iel
1323 2812 1452 2835 anzano.
1475 2819 1500 2842 p.
1522 2818 1562 2842 14.
1586 2814 1652 2834 nota
1672 2818 1696 2842 9.

1342 2853 1352 2866 ³
1372 2853 1478 2880 Questo
1499 2860 1580 2885 passo
1595 2852 1636 2883 fill.
1655 2851 1740 2876 18-22:
1754 2852 1819 2881 Acco
1831 2871 1835 2875 .
1849 2871 1853 2874 .
1867 2870 1871 2874 .
1893 2851 2030 2883 liberatus]
2050 2850 2064 2875 ὸ
2077 2851 2147 2883 ripe-

1255 2898 1317 2919 tuto
1339 2896 1380 2919 nel
1407 2895 1465 2918 Chr.
1482 2896 1549 2924 Est„
1563 2902 1589 2926 p.
1607 2901 1644 2924 11,
1663 2894 1691 2916 11.
1714 2899 1801 2923 21-25.
1839 2893 1861 2916 n
1884 2893 2024 2916 marchese
2044 2892 2146 2919 d‘Este,

1255 2938 1282 2960 di
1305 2937 1348 2960 nui
1369 2937 1392 2960 si
1411 2937 1529 2968 registra
1551 2937 1577 2959 la
1591 2937 1688 2962 morte.
1702 2933 1716 2959 ὲ
1735 2935 1811 2959 Azzo
1826 2934 1877 2958 VII
1891 2934 2023 2964 Novello,
2037 2934 2087 2958 che
2099 2940 2146 2958 era

1257 2982 1324 3003 nato
1345 2979 1389 3002 nel
1413 2985 1478 3010 1205
1500 2977 1532 3002 ed
1547 2984 1592 3002 era
1607 2979 1681 3001 stato
1702 2980 1796 3001 creato
1817 2976 1956 3000 marchese
1977 2976 2004 3000 di
2025 2976 2146 3005 Ancona

1259 3021 1292 3044 da
1313 3020 1422 3044 Onorio
1443 3019 1481 3043 111
1502 3020 1545 3043 nel
1571 3025 1644 3050 1117Α

2177 2187 2208 2213 35

2174 2610 2207 2634 45

2176 2814 2208 2839 50

2176 3021 2207 3046 55
