2370 3603
30 816 67 846 10

35 1077 70 1109 15

28 1342 69 1372 20

37 1872 67 1889 10

40 2122 68 2148 Ι5

38 2333 72 2350 20

41 2754 74 2778 30

43 2962 73 2988 35

92 233 144 268 [Α.
166 234 259 268 1318]
703 227 960 263 IOHANNIS
992 228 1061 262 DE
1091 226 1310 262 BAZANO

99 292 1924 306 .........................................................................................................................................................................................................

92 351 126 376 et
150 352 222 376 erat
247 346 404 377 dominus
427 356 528 387 super
550 344 748 386 praedictos
764 344 955 376 potestates
970 343 1123 375 Mutinae
1148 349 1181 374 et
1206 342 1327 374 eodem
1352 341 1529 373 millesimo
1555 347 1588 372 et
1611 350 1726 372 mense
1756 340 1811 372 die
1830 340 1928 371 lunae

91 408 162 428 xxx
187 398 343 435 ianuarii,
356 399 392 430 in
408 398 524 441 vigilia
540 398 649 429 sancti
667 397 872 434 Geminiani,
890 406 1007 428 omnes
1022 396 1072 427 illi
1090 395 1284 427 Potestates
1299 395 1403 426 electi
1420 405 1462 425 ex
1478 393 1624 426 Comuni
1643 393 1780 424 fuerunt
1798 392 1926 434 [a]moti

92 449 136 481 ab
154 449 264 482 officio
289 457 323 482 et
348 457 429 482 tunc
446 451 559 482 factus
581 450 649 481 fuit
673 449 830 481 Potestas
854 449 1007 481 Mutinae
1032 449 1189 480 dominus
1205 447 1376 479 Iohannes
1393 446 1580 489 Pancerius
1597 446 1639 477 de
1657 445 1772 488 Regio
1786 444 1795 462 ¹
1818 455 1926 487 usque

91 502 277 534 adventum
303 502 382 535 novi
406 502 599 540 Potestatis‚
631 502 689 544 qui
712 502 805 533 venit
827 507 948 543 postea
970 500 1126 533 Mutinae
1151 500 1186 543 xj
1210 499 1385 537 februarii,
1415 498 1528 539 [idest]
1554 498 1710 530 dominus
1741 497 1930 529 Pocaterra

94 554 137 585 de
160 553 305 586 cesena.

180 607 344 639 Dominus
369 608 536 639 Iohannes
560 608 604 639 de
627 606 803 650 Panceriis
829 608 871 639 de
896 607 1007 650 Regio
1032 606 1098 638 fuit
1121 605 1276 637 Potestas
1300 605 1334 637 in
1357 603 1558 646 M.cccxviij
1583 609 1617 635 et
1632 603 1763 644 incepit
1780 602 1928 634 officium

92 670 188 690 suum
213 659 270 691 die
294 660 395 691 lunae
419 659 609 701 penultimo
633 659 777 691 ianuarii
801 665 834 691 et
859 659 994 691 duravit
1018 658 1165 690 officium
1190 669 1286 689 suum
1309 657 1369 700 xij.
1395 656 1515 688 diebus
1527 655 1550 687 ².

179 710 345 743 Dominus
360 711 546 743 Pocaterra
564 711 606 742 de
624 710 756 743 Cesena
773 711 839 742 fuit
856 710 1012 742 Potestas
1029 708 1182 741 Mutinae
1199 709 1235 741 in
1251 708 1451 752 M.cccxviij
1468 718 1530 750 per
1547 718 1605 739 sex
1620 718 1752 739 menses
1772 707 1931 748 inceptos

91 762 123 804 xj
142 763 318 795 februarii.
344 763 509 795 Dominus
532 763 688 805 Ughetus
721 764 763 795 de
795 763 945 795 Forlivio
969 763 1035 794 fuit
1066 763 1275 803 Capitaneus
1302 761 1459 792 Mutinae
1484 771 1546 801 per
1568 770 1627 791 sex
1649 770 1782 791 menses
1812 770 1931 800 supra-

92 815 206 847 dictos
228 826 334 857 usque
357 816 402 848 ad
427 816 515 847 diem
532 817 565 859 xj
591 817 725 859 augusti
738 815 760 848 ³.
807 816 940 848 Eodem
957 815 1134 846 millesimo
1154 814 1209 846 die
1232 814 1276 856 xij
1303 813 1466 845 februarii
1492 813 1658 844 existente
1682 812 1821 843 domino
1839 810 1933 843 Cane

92 868 183 900 della
209 868 311 900 Scala
335 869 371 899 in
395 868 573 900 obsidione
597 869 737 900 Paduae
762 870 855 910 apud
880 868 1043 900 Sanctum
1067 867 1249 899 Nicolaum
1265 877 1373 908 prope
1402 866 1576 897 civitatem
1594 865 1661 896 duo
1678 865 1823 896 miliaria
1839 864 1932 896 facta

92 920 158 952 fuit
181 931 250 962 pax
274 926 309 952 et
333 926 452 963 treuga
470 920 558 952 inter
574 921 684 962 ipsum
709 922 883 953 dominum
907 920 1038 952 Canem
1056 920 1148 951 della
1165 919 1267 951 Scala
1283 925 1316 950 et
1331 918 1526 955 paduanos,
1544 918 1638 949 facto
1663 923 1697 948 et
1724 916 1933 958 operacione

94 973 306 1005 Venetorum
322 973 381 1014 qui
398 973 576 1005 miserunt'
601 974 836 1006 ambaxatores
859 974 903 1005 ad
920 983 987 1010 eos,
1006 973 1106 1004 certis
1122 972 1232 1013 pactis
1249 978 1281 1002 et
1298 969 1558 1002 condicionibus
1573 968 1737 1010 appositis
1749 968 1770 999 ⁴.
1796 967 1927 999 Eodem

93 1025 274 1057 millesimo
298 1025 438 1057 fuerunt
462 1026 596 1067 expulsi
619 1027 776 1058 homines
799 1026 964 1069 ghibelini
989 1026 1031 1057 de
1055 1025 1194 1056 civitate
1218 1024 1344 1056 Ianuae
1369 1029 1402 1054 et
1426 1022 1617 1053 habuerunt
1640 1021 1746 1052 multa
1770 1021 1936 1052 fortilicia

99 1085 219 1110 contra
235 1078 342 1119 ipsam
360 1078 406 1118 [et
422 1078 555 1122 Regem
572 1079 776 1120 Robertum]
794 1079 967 1110 dominum
986 1078 1132 1110 civitatis
1150 1077 1285 1113 Ianuae,
1304 1082 1338 1107 et
1355 1075 1445 1107 inter
1462 1084 1519 1106 eos
1537 1074 1739 1105 intrinsecos
1756 1079 1790 1105 et
1807 1073 1934 1104 extrin-

93 1140 191 1162 secos
214 1130 281 1162 fuit
304 1141 427 1173 magna
451 1141 575 1173 guerra
589 1132 609 1163 ⁵.
657 1132 788 1164 Eodem
813 1131 992 1163 millesimo
1016 1130 1071 1162 die
1094 1129 1256 1162 mercurii
1279 1128 1345 1170 xxij
1373 1127 1537 1160 februarii
1562 1127 1595 1157 in
1627 1127 1716 1158 festo
1749 1125 1935 1157 cathedrae

93 1183 202 1214 sancti
225 1182 320 1214 Petri
342 1182 508 1216 Arverius
531 1185 574 1216 de
599 1184 757 1216 Macreta
780 1190 814 1216 et
836 1184 886 1216 illi
911 1184 953 1215 de
976 1183 1133 1216 Macreta
1157 1183 1327 1214 dederunt
1355 1186 1503 1212 castrum
1536 1180 1578 1211 de
1609 1179 1767 1210 Macreta
1798 1179 1935 1209 comuni

93 1235 249 1267 Mutinae
274 1242 308 1267 et
333 1242 414 1268 tunc
440 1237 497 1268 die
522 1238 677 1279 sequenti
702 1238 860 1269 dominus
882 1235 1047 1268 Arverius
1064 1236 1106 1267 de
1124 1235 1282 1266 Macreta
1299 1235 1341 1266 de
1359 1233 1555 1266 carceribus
1578 1232 1750 1263 relaxatus
1773 1231 1836 1263 ivit
1860 1231 1936 1263 Ma-

93 1295 219 1320 cretam
232 1288 254 1320 ⁶.
301 1288 431 1321 Eodem
456 1290 631 1321 millesimo
656 1290 712 1322 die
734 1290 758 1333 ij
784 1290 908 1322 mensis
932 1288 1048 1330 aprilis
1072 1288 1230 1320 dominus
1255 1287 1461 1319 Franciscus
1485 1287 1528 1318 de
1551 1284 1758 1322 Mirandula,
1776 1285 1833 1326 qui
1854 1290 1935 1315 tunc

92 1341 261 1373 Mutinam
277 1342 433 1384 regiebat
457 1348 490 1373 et
513 1342 726 1385 gubernabat
751 1349 785 1374 et
808 1343 864 1374 alii
888 1342 944 1385 qui
969 1353 1047 1374 cum
1069 1352 1110 1373 eo
1134 1347 1232 1373 erant
1248 1340 1307 1382 [et]
1325 1340 1502 1383 regiebant
1518 1344 1703 1381 posuerunt
1727 1337 1772 1369 ad
1788 1337 1936 1369 confinia

185 1494 208 1511 2.
234 1488 316 1512 electi
336 1489 349 1512 ὲ
364 1498 463 1513 σοντες.
482 1491 527 1513 del
544 1489 640 1519 MuR.3
658 1492 749 1514 certos
768 1490 810 1520 A„
832 1491 877 1514 Cr.
897 1503 905 1507 -
926 1490 996 1513 moti
1016 1490 1057 1519 A„
1082 1489 1134 1519 Cr.,
1154 1488 1233 1512 MUR.
1252 1501 1285 1504 —
1304 1496 1328 1519 4.
1348 1486 1512 1518 adventum]
1534 1486 1586 1511 cosi
1606 1486 1691 1516 MUR.‚
1716 1485 1773 1513 Cr.;
1795 1485 1828 1508 ad
1855 1491 1936 1508 even-

100 1531 160 1554 tum
180 1531 214 1554 A.
234 1543 242 1547 —
262 1537 292 1562 Χ]
312 1531 460 1564 februarii]
477 1539 490 1555 2
508 1532 643 1556 februarii
660 1533 706 1557 Cr.
731 1541 744 1555 e
771 1533 862 1560 Mun.;
881 1532 907 1555 in
922 1533 944 1555 A
960 1533 973 1555 ὲ
988 1532 1006 1563 1]“
1021 1532 1065 1555 che
1079 1532 1207 1555 dovrebbe
1227 1531 1374 1554 intendersi
1392 1538 1408 1553 2
1427 1538 1454 1553 se
1475 1529 1506 1552 Α.
1527 1537 1620 1552 avesse
1640 1529 1704 1551 l’uso
1724 1528 1754 1551 di
1771 1527 1891 1551 scrivere
1910 1528 1936 1550 Ie

97 1573 160 1596 date
177 1573 205 1596 iu
223 1574 357 1597 caratteri
376 1575 479 1598 romani
497 1583 510 1597 e
529 1583 576 1597 non
597 1575 622 1598 in
646 1575 716 1606 cifre
743 1575 864 1598 arabiclee
885 1583 898 1597 e
916 1582 943 1598 se
957 1574 1008 1604 pis>
1033 1577 1099 1597 sotto
1119 1581 1167 1596 non
1188 1573 1218 1596 vi
1235 1573 1259 1596 si
1276 1573 1400 1604 leggesse
1419 1572 1514 1595 scritto
1533 1572 1712 1595 chiaramente
1725 1570 1769 1593 che
1789 1569 1811 1592 il
1823 1569 1937 1599 podest&

103 1614 236 1638 Giovanni
253 1616 285 1638 de
306 1616 425 1640 Panzeri
440 1616 553 1640 duravit
573 1617 696 1640 officium
716 1623 794 1639 suum
817 1623 846 1640 12
868 1616 965 1639 diebus
986 1629 994 1632 -
1014 1615 1087 1639 idest
1105 1616 1119 1638 ὲ
1138 1623 1207 1646 agg.
1227 1616 1272 1638 del
1290 1615 1366 1638 MUR.
1381 1626 1389 1630 -
1403 1613 1552 1637 Pocaterra
1573 1613 1586 1636 ὲ
1605 1620 1674 1636 corr.
1694 1613 1739 1635 del
1751 1610 1844 1639 MUR.;
1858 1611 1885 1634 in
1900 1610 1931 1634 A.

97 1666 111 1681 e
132 1658 176 1682 Cr.
196 1667 212 1681 a
232 1658 366 1683 februarii
387 1668 468 1692 segue
488 1660 619 1684 dominus
639 1660 789 1684 Panzerius
810 1659 843 1683 de
862 1660 966 1684 Cisena
984 1660 1028 1683 che
1044 1660 1170 1690 potrebbe
1190 1660 1269 1682 unche
1288 1666 1374 1682 essere
1390 1659 1484 1689 glossa
1504 1665 1517 1680 o
1537 1657 1663 1681 richiamo
1682 1655 1836 1687 marginale
1854 1655 1935 1678 intro-

98 1700 170 1724 dotto
189 1702 233 1724 nel
251 1704 316 1724 testo
335 1703 384 1725 dal
401 1703 501 1732 copista
522 1715 554 1720 —
574 1701 597 1725 6.
617 1702 784 1733 mcccxan]
806 1702 857 1726 cos)
884 1701 970 1729 Μυκη
1002 1702 1062 1729 Cr.;
1095 1707 1161 1733 1319
1182 1700 1214 1724 A.
1234 1713 1266 1718 —
1287 1706 1310 1731 7.
1333 1698 1468 1730 ianuarii]
1495 1698 1545 1723 cosi
1570 1699 1662 1726 MUR.;
1682 1697 1757 1721 iunii
1787 1697 1828 1726 A„
1853 1697 1899 1720 Cr.
1927 1709 1935 1713 -

97 1741 153 1772 xxj}
173 1742 225 1766 cosi
245 1743 286 1771 A..
307 1744 399 1774 MUR.;
419 1751 432 1767 2
455 1745 501 1768 Cr.
521 1757 553 1762 —
574 1743 599 1768 8.
620 1744 723 1768 Cisena
743 1745 776 1768 A.
797 1757 806 1761 -
826 1746 939 1775 coeptos
959 1743 1046 1774 Mun„
1069 1744 1114 1767 Cr.
1133 1757 1165 1760 —
1185 1750 1210 1774 9.
1230 1741 1271 1773 XJ]
1293 1743 1372 1766 anche
1391 1742 1436 1773 qui
1455 1742 1500 1765 Cr.
1519 1750 1532 1764 e
1552 1740 1630 1764 MUR.
1650 1741 1831 1770 interpretanti
1846 1742 1900 1769 per
1913 1744 1935 1762 11

98 1784 125 1807 la
139 1783 212 1815 cisra
227 1785 336 1809 arabica
351 1787 393 1809 che
414 1787 440 1809 in
460 1786 502 1814 A..
522 1787 589 1810 deve
609 1786 735 1818 leggersi
756 1793 802 1814 113
821 1787 900 1809 anche
920 1785 1084 1809 PmsCIANO
1098 1786 1146 1808 Im:
1165 1791 1195 1815 x]
1211 1784 1344 1808 februarii
1363 1797 1391 1800 —-
1410 1789 1448 1806 10.
1463 1790 1496 1814 xJ
1510 1784 1589 1806 anche
1603 1782 1647 1813 qui
1659 1781 1736 1805 Mun.
1757 1790 1770 1804 e
1792 1781 1837 1804 Cr.
1857 1780 1938 1803 inter-

91 1827 207 1854 pretam»
226 1832 250 1849 11
269 1827 327 1850 l'11
344 1828 373 1851 di
387 1828 434 1857 A.3
454 1827 615 1851 Pmscsmo
634 1829 681 1851 ho:
702 1827 807 1859 Ugetus
833 1827 1011 1850 forliviensis
1038 1826 1211 1858 Capitaneus
1237 1826 1394 1849 declaratur
1413 1825 1444 1848 in
1470 1827 1538 1848 x1¹²¹¹²
1558 1831 1644 1854 usque
1667 1823 1790 1854 Augusti
1813 1822 1886 1845 diem
1905 1835 1938 1838 —

100 1871 141 1897 15.
154 1867 245 1899 ipsam
259 1868 407 1892 dominum
420 1870 568 1893 civitatem
582 1870 702 1901 sr'legge
722 1870 748 1893 in
767 1869 801 1893 A.
821 1877 866 1893 con
887 1869 1009 1892 evidente
1022 1870 1125 1899 lacuna,
1147 1869 1191 1901 che
1212 1868 1257 1892 Cr.
1277 1876 1289 1891 e
1309 1868 1395 1897 MUR„
1417 1867 1557 1891 eliminano
1579 1866 1762 1896 supprimendo
1776 1865 1938 1888 dominum:

99 1909 124 1932 ci
137 1912 208 1938 pare
230 1911 328 1941 meglio
348 1912 509 1941 completam
528 1912 551 1935 il
563 1914 643 1941 passo
657 1920 703 1935 con
716 1912 874 1942 I’aggiunta
887 1911 933 1934 del
945 1918 1017 1934 nome
1035 1911 1080 1934 del
1098 1910 1238 1934 Dominus
1253 1909 1359 1941 Januae
1380 1922 1388 1925 -
1409 1909 1573 1932 intrinsecis
1585 1907 1618 1931 A.
1633 1920 1665 1924 —
1684 1906 1721 1930 16.
1737 1904 1879 1936 mercurii]
1895 1912 1937 1929 sa-

98 1952 157 1976 bati
174 1953 215 1984 A„
229 1953 314 1985 MUR„
333 1955 393 1984 Cr.,·
408 1964 450 1979 ma
464 1956 487 1979 il
494 1963 529 1979 22
539 1956 674 1987 febbraio,
686 1956 785 1987 giorno
800 1956 872 1979 della
886 1956 1008 1979 cattedra
1023 1955 1052 1979 di
1064 1963 1111 1979 san
1125 1955 1227 1985 Pietro,
1239 1955 1328 1978 newa.
1341 1954 1408 1984 1318
1421 1954 1504 1977 cadde
1518 1953 1544 1976 ia
1558 1952 1699 1976 mercoledi
1715 1964 1747 1969 -—
1761 1957 1803 1974 20.
1816 1948 1857 1974 et³
1870 1957 1939 1981 agg.

100 1994 178 2019 Mun.
201 1996 245 2019 Cr.

100 2075 143 2098 del
165 2074 198 2099 28
216 2078 338 2107 gennaio
359 2077 461 2108 (fldem,
481 2085 504 2101 a.
522 2076 595 2109 1318,
613 2077 633 2105 Ι,
655 2085 680 2100 11.
701 2076 772 2108 264).
787 2084 839 2101 ove
854 2077 874 2100 il
889 2076 987 2108 Crespi

97 2116 111 2141 ὲ
134 2118 199 2141 dato
222 2118 372 2149 “potestas
392 2121 419 2142 et
440 2121 532 2143 rector
552 2119 651 2150 populi
672 2119 782 2143 Mutine
801 2120 828 2142 et
849 2119 933 2143 iudex
947 2126 990 2142 co-

1044 2078 1152 2108 pitano,
1172 2077 1235 2099 sino
1255 2076 1281 2099 al
1304 2076 1428 2099 sebbraio
1448 2075 1491 2098 del
1516 2081 1588 2106 1319,
1610 2082 1623 2097 e
1642 2073 1698 2097 tale
1718 2074 1816 2097 durata
1836 2071 1850 2095 ὲ
1870 2073 1937 2095 atte-

1044 2120 1117 2142 stata
1131 2118 1175 2142 dai
1192 2119 1303 2149 registri
1319 2118 1442 2149 pubblici
1457 2116 1558 2148 (Mem,
1571 2124 1593 2140 a.
1608 2114 1682 2147 1318,
1693 2114 1712 2145 1,
1727 2123 1772 2138 nn.
1784 2113 1844 2146 691,
1860 2118 1933 2144 1273,

98 2167 224 2191 munis„.

185 2200 193 2217 ¹
213 2203 236 2226 Il
257 2202 374 2226 Panzeri
395 2203 420 2226 si
435 2205 554 2227 trovava
570 2204 599 2226 in
614 2203 735 2226 Modena
749 2210 827 2226 come
840 2204 989 2226 connesta-

96 2245 153 2268 bile
173 2245 200 2268 di
221 2252 277 2268 una
296 2245 408 2275 brigata
427 2245 458 2268 di
478 2251 509 2269 21
525 2246 668 2272 cavalieri.
683 2246 763 2276 quasi
777 2246 846 2269 tutti
860 2246 988 2277 reggiani

98 2287 280 2317 (srammento
291 2287 382 2310 dell’a.
398 2286 464 2318 1318
477 2289 506 2310 in
520 2288 610 2315 Mem„
624 2294 649 2311 a.
664 2294 738 2318 1324,
751 2286 810 2317 ΙΙΙ),
830 2287 886 2311 Suo
898 2288 990 2318 primo

98 2331 158 2352 atto
178 2329 208 2352 fu
228 2329 256 2352 di
277 2329 451 2352 confermare
472 2336 486 2352 a
506 2328 671 2359 Formigine
686 2337 702 2352 o
717 2336 731 2352 a
751 2328 990 2361 Campogalliano

98 2371 119 2396 il
133 2371 329 2398 Boccabadati,
341 2377 398 2394 uno
411 2370 488 2402 degli
503 2372 564 2394 otto
576 2368 693 2402 podesta
705 2371 776 2400 (cod.
788 2369 921 2401 Campori
934 2372 990 2397 cit..

98 2420 121 2437 c.
142 2412 195 2443 28),
215 2412 442 2444 probabilmente
461 2412 581 2443 deposto
600 2411 635 2435 da
663 2411 821 2435 Francesco
846 2413 914 2436 Pico
944 2419 992 2444 per

98 2455 200 2479 recarsi
219 2454 274 2478 alle
294 2455 368 2478 mani
389 2454 417 2477 la
437 2454 564 2485 signoria
584 2454 709 2478 assoluta
730 2453 804 2477 della
824 2451 902 2477 eitta.

187 2495 198 2512 ²
216 2497 356 2521 Dovendo
377 2503 481 2520 cessare
501 2496 545 2520 col
565 2502 600 2527 30
618 2497 740 2527 gennaio
761 2495 786 2519 le
801 2496 931 2520 funzioni
947 2496 990 2520 dei

99 2537 215 2570 podesta
235 2538 377 2566 cittadirst,
398 2538 447 2561 che
467 2545 593 2561 avevano
613 2539 763 2561 costituito
784 2545 838 2561 una
858 2539 948 2569 specie
963 2538 990 2561 di

97 2587 223 2612 governo
243 2582 434 2612 provvisorio,
457 2581 485 2603 fu
506 2581 647 2603 chiamato
668 2579 811 2603 all'ufficio
832 2580 858 2603 di
876 2578 992 2610 podesta

100 2623 120 2645 il
141 2624 265 2646 cesenate
285 2622 432 2646 Pocaterra
454 2621 487 2645 da
502 2622 636 2645 Muzzana
651 2629 664 2644 e
678 2629 692 2645 a
707 2621 802 2652 quello
817 2621 844 2645 di
860 2622 992 2652 capitano

99 2664 142 2687 del
163 2664 269 2696 popolo
289 2664 413 2695 Ughetto
432 2663 546 2687 Sassoni
569 2663 708 2686 forfivese.
752 2662 798 2686 Ma
819 2662 919 2694 poiche
939 2664 991 2686 essi

99 2713 157 2730 non
186 2708 328 2738 potevano
349 2707 472 2730 arrivare
502 2706 604 2733 subito,
626 2705 655 2728 fu
682 2705 792 2729 affidata
822 2705 848 2728 la
868 2705 993 2736 pedeste-

100 2748 142 2771 ria
162 2747 188 2770 al
207 2748 341 2778 reggiano
361 2745 507 2771 Giovanni
528 2746 653 2773 Panzeri,
674 2746 723 2769 che
743 2753 856 2769 assunse
880 2745 993 2770 l’ufficio

101 2789 121 2812 il
141 2795 172 2820 31
193 2789 317 2820 gennalo
339 2797 353 2813 e
373 2789 402 2813 lo
422 2791 506 2813 tenne
528 2789 590 2812 sino
611 2788 661 2812 alli
686 2794 713 2811 11
731 2788 866 2812 febbraio.
881 2787 909 2812 Si
926 2790 993 2812 nota

102 2832 159 2862 che,
179 2834 286 2856 mentre
306 2833 327 2856 il
348 2832 469 2856 Morano
490 2834 549 2856 tace
576 2832 619 2855 del
646 2831 770 2859 Panzeri,
790 2830 939 2854 Prisciano
960 2838 993 2854 ne

103 2873 227 2897 riferisce
241 2873 261 2896 il
277 2881 360 2897 nome
374 2881 388 2897 e
399 2874 426 2897 la
440 2874 504 2897 data
518 2874 712 2897 d’assunzione
727 2871 868 2896 all’ufficio
883 2873 912 2896 in
928 2879 993 2896 con-

104 2912 217 2938 formita
237 2915 293 2938 alla
314 2916 423 2939 notizia
443 2915 486 2939 del
508 2916 606 2938 nostro
626 2915 758 2938 cronista.

189 2955 200 2971 ³
219 2956 243 2980 11
262 2957 410 2982 Pocaterra
430 2959 530 2981 rimase
550 2958 597 2988 poi
620 2954 746 2988 podesta,
761 2964 774 2979 e
790 2956 809 2980 il
825 2956 938 2980 Sassoni
954 2963 993 2979 ca-

234 3070 265 3095 T.
285 3071 345 3099 XV,
367 3079 393 3103 p.
413 3078 443 3095 n·
464 3084 496 3089 —
517 3069 541 3094 6.

1047 2166 1129 2190 14123
1149 2159 1182 2189 11,
1205 2166 1251 2182 nn.
1271 2157 1313 2191 46,
1333 2157 1391 2189 656,
1410 2165 1493 2190 1709:
1509 2165 1531 2181 a.
1549 2164 1622 2189 1319,
1635 2156 1669 2185 ΙΙ,
1685 2164 1731 2179 nn.
1749 2162 1843 2188 1,713,
1860 2153 1934 2185 1183,

1048 2200 1132 2232 1918).
1162 2200 1321 2224 Nell'Arch.
1343 2201 1496 2232 capitolare
1517 2200 1547 2223 di
1568 2199 1687 2222 Modena
1707 2199 1729 2221 si
1751 2204 1884 2221 conserva
1899 2204 1936 2220 un

1046 2243 1179 2267 fascico10
1194 2243 1238 2267 del
1256 2242 1321 2274 1318
1342 2250 1394 2266 con
1414 2244 1455 2265 tre
1476 2242 1585 2265 stemmi
1607 2241 1737 2264 miniati:
1757 2240 1801 2263 del
1819 2245 1937 2262 comune

1045 2285 1073 2308 di
1087 2284 1207 2308 Modena
1222 2284 1267 2307 nel
1283 2290 1383 2313 mezzo,
1397 2283 1441 2307 del
1455 2282 1604 2306 P0‹-aterra
1619 2290 1632 2305 e
1646 2282 1690 2305 del
1705 2281 1819 2305 Sassoni
1835 2282 1860 2304 ai
1876 2280 1936 2303 lati.

1133 2325 1144 2340 ⁴
1164 2326 1242 2350 Sulla
1263 2333 1328 2356 pace
1348 2324 1391 2348 del
1418 2331 1447 2348 12
1476 2325 1599 2348 febbraio
1629 2324 1668 2346 fra
1695 2322 1862 2353 Cangrande
1888 2329 1901 2345 e
1926 2322 1937 2345 l

1045 2368 1190 2391 Padovani
1212 2367 1272 2397 (che
1292 2368 1366 2390 altro
1388 2373 1444 2389 non
1465 2364 1479 2389 ὲ
1498 2373 1526 2389 se
1546 2373 1603 2389 non
1617 2365 1712 2396 quella
1725 2365 1753 2388 di
1772 2364 1816 2388 cui
1830 2362 1844 2387 ὲ
1858 2363 1936 2387 detto

1044 2417 1071 2440 p.
1084 2416 1125 2441 79,
1140 2410 1170 2433 ll.
1184 2408 1240 2440 4-6)
1256 2410 1277 2432 si
1292 2409 1399 2432 vedano
1411 2408 1431 2431 il
1445 2409 1521 2432 Cron.
1537 2415 1687 2435 veronense,
1702 2408 1730 2429 in
1747 2407 1810 2430 HR.
1826 2406 1864 2429 II.
1878 2405 1938 2434 SS.,

1046 2451 1120 2481 VIII,
1140 2450 1199 2482 642,
1221 2451 1241 2474 il
1264 2451 1323 2474 Chr.
1343 2458 1412 2481 reg,
1440 2451 1489 2477 ivi,
1509 2449 1608 2479 XVIH,
1629 2455 1670 2480 30,
1693 2456 1707 2472 e
1727 2448 1866 2477 Comvsx,
1887 2448 1936 2475 ivi,

1045 2493 1104 2521 ΧΠ,
1119 2492 1183 2525 807:
1199 2494 1206 2516 i
1222 2494 1293 2524 patti
1310 2492 1383 2516 della
1396 2499 1462 2523 pace
1477 2493 1506 2515 in
1521 2491 1668 2520 Mussxro,
1681 2491 1748 2514 ediz.
1759 2490 1872 2518 Padrin,
1887 2490 1935 2513 lib.

1046 2535 1078 2566 X,
1100 2543 1145 2567 pp-
1167 2541 1198 2566 32
1220 2542 1277 2566 sgg·

1134 2576 1144 2590 ⁶
1156 2576 1204 2600 Gli
1220 2577 1338 2608 Spinola
1352 2584 1366 2599 e
1380 2577 1388 2599 i
1403 2576 1500 2603 Doria,
1512 2575 1616 2606 espulsi
1631 2575 1665 2598 da
1677 2573 1794 2598 Genova
1810 2575 1829 2597 il
1845 2581 1876 2598 10
1887 2581 1936 2597 no-

1048 2620 1157 2643 vembre
1183 2624 1246 2650 1317
1278 2618 1303 2642 al
1333 2618 1475 2649 prevalere
1504 2617 1576 2641 delle
1607 2618 1675 2640 armi
1702 2617 1730 2640 di
1761 2623 1788 2640 re
1813 2616 1937 2640 Roberto

1049 2661 1095 2692 (cf.
1115 2660 1148 2685 G.
1164 2662 1297 2690 VlLLAN1‚
1322 2662 1375 2688 Cr„
1388 2660 1435 2687 IX,
1449 2659 1495 2691 85)
1515 2659 1616 2683 uuitisl
1631 2659 1686 2683 alla
1706 2659 1767 2690 lega
1781 2658 1937 2690 ghibellina

1047 2703 1075 2727 di
1095 2703 1274 2731 Lombardla‚
1294 2709 1405 2733 presero
1427 2702 1477 2725 “le
1504 2702 1623 2725 sortezze
1650 2702 1693 2725 dei
1720 2702 1836 2731 monti„
1864 2700 1937 2724 dalle

1047 2746 1123 2777 quali
1144 2746 1384 2776 guerreggiavano
1405 2742 1519 2767 iGuelfi
1539 2744 1662 2767 aderenti
1684 2744 1709 2768 al
1731 2751 1758 2767 re
1779 2743 1806 2767 di
1832 2742 1936 2774 Napoli

1048 2786 1100 2818 (οφ.
1121 2788 1174 2818 cit„
1194 2786 1246 2816 ΙΧ,
1264 2785 1363 2818 9394)-

1136 2827 1145 2841 ⁶
1171 2827 1277 2857 Questo
1297 2829 1438 2854 Ariverio,
1466 2828 1574 2852 fautore
1597 2828 1640 2851 del
1667 2828 1796 2851 domimo
1817 2828 1860 2851 dei
1888 2827 1938 2850 Βο-

1048 2871 1165 2899 nacolsi,
1186 2872 1259 2894 visse
1278 2870 1395 2901 qualche
1421 2870 1494 2893 altro
1515 2877 1598 2899 anno,
1619 2871 1728 2894 avendo
1756 2870 1829 2893 fatto
1856 2870 1938 2893 testa-

1048 2915 1143 2937 mento
1164 2913 1185 2936 il
1199 2911 1215 2936 6
1230 2913 1355 2936 febbraio
1372 2918 1438 2943 1320
1451 2912 1552 2942 (Mem,
1567 2919 1589 2935 a.
1607 2912 1684 2943 1320)
1699 2919 1712 2935 e
1727 2912 1858 2935 chiamati
1874 2912 1935 2934 suoi

1048 2955 1122 2979 eredi
1145 2956 1151 2977 i
1172 2954 1231 2986 figli
1252 2953 1413 2984 Francesco,
1435 2953 1537 2977 Nicolo
1556 2953 1766 2977 eBernardino.

1966 2248 2000 2273 40

1966 2455 1997 2480 45

1966 2663 2001 2688 50

1966 2873 1997 2899 55

2005 983 2024 998 c.
2039 977 2094 1000 ³⁶3
