2318 3603
311 2120 341 2136 10

310 2331 338 2355 15

310 2539 342 2556 20

308 2960 341 2983 30

964 253 1274 289 CHRONICON
1302 252 1611 288 MUTINENSE
1891 256 1973 290 [ΑΛ.
2000 256 2192 289 1328-13291

365 384 502 419 perator
524 377 616 408 venit
638 376 791 407 Lucham
824 381 857 406 et
883 374 977 406 Pisas
1005 381 1039 406 et
1066 374 1204 415 accepit
1231 374 1417 405 dominium
1442 374 1589 415 ipsarum
1614 374 1787 404 civitatum
1811 373 1887 403 filiis
1905 373 2033 404 domini
2060 372 2197 404 Castru-

365 431 409 461 cii
433 431 539 466 ducis,
564 429 621 471 qui
645 435 723 459 tunc
747 426 919 459 habebant
943 426 1116 458 dominum
1140 426 1289 467 ipsarum
1314 426 1489 457 civitatum
1501 425 1520 458 ¹.

453 481 616 513 Dominus
639 480 762 512 Hettor
785 480 906 512 Comes
928 479 1126 521 praedictus
1149 478 1281 510 Rector
1304 488 1366 519 pro
1384 478 1540 510 Ecclesia
1557 479 1714 510 Romana
1730 479 1764 509 in
1780 477 2014 520 M.cccxxviiij
2034 478 2068 508 in
2084 477 2200 518 primis

363 545 423 566 sex
439 533 609 566 mensibus
621 533 764 574 inceptis
780 532 814 563 in
831 531 983 563 calendis
998 531 1142 562 ianuarii
1153 530 1174 562 ².
1222 530 1322 562 Dicto
1339 536 1493 572 tempore
1510 531 1647 562 fuerunt
1664 536 1886 562 terraemotus
1902 531 2028 572 magni,
2045 530 2091 561 ita
2107 529 2201 571 quod

365 594 455 619 terra
478 587 623 619 Norsiae
642 586 685 617 de
702 586 837 617 Ducatu
852 585 888 615 in
906 590 1013 616 totum
1030 583 1185 615 domibus
1201 589 1234 615 et
1247 583 1394 615 edificiis
1406 583 1472 614 fuit
1495 583 1651 624 dirupata
1668 590 1701 615 et
1713 583 1838 614 mortui
1853 582 1953 623 [sunt]
1970 582 2097 614 ibidem
2110 582 2200 612 ultra

364 646 509 682 quatuor
525 639 617 670 milia
632 647 854 679 personarum
877 643 910 668 et
927 637 1037 668 eciam
1054 636 1210 668 Castrum
1228 635 1346 667 Sancti
1364 635 1524 667 Iohannis
1535 635 1547 652 ³
1563 637 1597 667 in
1614 636 1767 677 partibus
1789 636 1855 666 illis
1878 645 1940 676 pro
1964 644 2086 676 magna
2102 639 2199 675 parte

366 692 521 724 domibus
534 698 567 723 et
579 690 721 722 edificiis
737 689 918 731 dirupavit.
935 689 1036 720 Dicto
1053 694 1208 729 tempore
1225 688 1381 720 dominus
1397 687 1560 719 Marchus
1577 689 1620 720 de
1637 689 1823 721 Vescontis
1835 688 2044 729 Capitaneus
2056 697 2200 729 guerrae

364 755 426 786 pro
443 745 652 786 Imperatore
669 742 855 774 combussit
870 742 904 772 in
922 741 1060 772 civitate
1076 741 1217 772 Luchae
1235 741 1352 772 domos
1369 746 1402 772 et
1419 740 1556 772 edificia
1571 741 1607 771 in
1624 742 1772 772 maxima
1784 742 1980 783 quantitate,
1995 746 2028 771 et
2040 740 2105 771 hoc
2123 739 2202 781 quia

367 798 499 830 nobiles
523 797 670 829 civitatis
686 796 867 827 voluerunt
885 795 1044 835 accipere
1062 794 1187 825 dictam
1205 794 1379 825 civitatem
1395 794 1490 836 genti
1514 794 1749 834 Imperatoris3
1768 800 1801 825 et
1817 800 1898 825 tunc
1923 794 2033 824 dictus
2049 792 2199 833 Impera-

366 857 418 882 tor
441 849 579 881 tradidit
602 847 787 879 dominium
811 846 924 877 dictae
949 845 1101 877 civitatis
1117 845 1257 876 Luchae
1273 845 1348 876 filiis
1365 845 1511 876 condam
1527 845 1656 876 domini
1672 845 1837 878 Castrucii
1854 845 1953 876 ducis
1976 844 2055 875 olim
2073 843 2200 875 domini

365 903 468 944 ipsius
493 900 670 933 civitatis⁴.
709 900 813 931 Dicto
836 905 990 940 tempore
1014 898 1057 929 de
1074 898 1201 929 marcio
1225 898 1319 929 facta
1341 904 1374 929 et
1396 904 1540 929 tractata
1556 898 1620 929 fuit
1636 898 1825 930 concordia
1841 898 1928 929 inter
1945 897 2116 928 dominum
2137 895 2203 927 Pa-

364 967 443 997 pam
467 960 500 986 et
524 954 742 986 Ferarienses
765 957 799 984 et
822 952 1043 983 interdictum
1068 961 1264 992 suspensum
1296 951 1372 989 fuit,
1396 950 1488 992 quod
1512 950 1560 981 ibi
1584 951 1696 982 fuerat
1718 951 1799 992 viiij.
1825 960 1931 982 annos
1955 950 2009 981 vel
2041 949 2144 987 circa,
2170 955 2203 980 et

367 1009 491 1040 fratres
515 1014 548 1039 et
571 1007 689 1039 clerici
713 1005 886 1037 Ferariam
909 1004 1086 1036 redierunt
1100 1004 1120 1035 ⁵.
1168 1004 1283 1044 [Dicto
1307 1010 1461 1045 tempore
1479 1003 1547 1044 die]
1572 1003 1639 1045 xxij
1664 1004 1744 1035 maii
1768 1010 1912 1035 castrum
1929 1002 2118 1034 Herbexiae
2143 1002 2203 1033 da-

364 1068 434 1093 tum
458 1061 523 1092 fuit
547 1060 685 1092 domino
708 1059 840 1101 Legato
864 1057 1043 1089 Ecclesiae
1066 1067 1128 1098 per
1151 1057 1225 1088 illos
1249 1057 1290 1088 de
1313 1056 1469 1088 Boiardis
1478 1055 1499 1088 ⁵.
1544 1056 1646 1087 Tunc
1669 1057 1887 1088 Marchiones
1904 1062 2053 1088 estenses
2070 1055 2114 1086 de
2138 1054 2203 1086 Fe-

366 1114 454 1145 raria
471 1123 505 1144 se
522 1110 822 1144 concordaverunt
839 1121 916 1143 cum
931 1110 1022 1142 dicto
1038 1110 1171 1152 Legato
1189 1116 1222 1141 et
1238 1109 1394 1141 Ecclesia
1407 1108 1428 1141 ⁷.
1464 1109 1564 1140 Tunc
1582 1109 1721 1150 incepta
1736 1109 1802 1140 fuit
1816 1119 1940 1151 guerra
1955 1109 2041 1139 inter
2057 1117 2202 1139 comune

370 1167 563 1199 Florentiae
582 1172 615 1197 et
631 1164 801 1205 [comune]
817 1163 974 1195 Pisarum
987 1162 1019 1195 ⁸.'
1065 1163 1131 1194 Die
1153 1162 1246 1205 xxiiij
1271 1162 1355 1193 iunii
1379 1169 1458 1193 ante
1475 1172 1593 1193 sonum
1614 1171 1800 1203 campanae
1817 1161 1937 1193 orandi
1953 1161 2112 1202 apparuit
2128 1160 2203 1201 qui-

365 1221 442 1251 dam
466 1219 553 1262 ignis
576 1219 611 1249 in
634 1218 742 1261 figura
766 1216 933 1258 serpentis
951 1227 970 1246 a
986 1215 1131 1248 meridie
1147 1226 1263 1246 versus
1286 1224 1387 1246 mane
1405 1221 1438 1246 et
1454 1220 1524 1246 tam
1542 1215 1705 1247 devenire
1721 1213 1854 1256 [prope]
1871 1214 1964 1256 quod
1988 1214 2084 1255 quasi
2107 1212 2201 1244 vide-

366 1273 465 1304 batur
488 1279 628 1314 tangere
654 1271 771 1302 turrim
796 1269 931 1301 maioris
955 1268 1123 1300 ecclesiae
1147 1267 1301 1299 Mutinae
1326 1273 1359 1299 et
1382 1268 1473 1299 stetit
1495 1268 1531 1298 in
1555 1268 1647 1299 dicto
1665 1277 1742 1298 aere
1758 1277 1820 1308 per
1835 1277 1995 1307 magnum
2014 1265 2166 1307 spacium
2180 1263 2201 1296 ⁹.

367 1326 432 1356 Die
449 1325 568 1356 ultimo
585 1323 666 1354 iunii
683 1322 941 1354 Mareschalcus
959 1321 1138 1353 Ecclesiae
1156 1331 1232 1352 cum
1259 1319 1419 1363 gentibus
1435 1320 1613 1351 Ecclesiae
1630 1325 1797 1351 venerunt
1812 1319 1847 1349 in
1864 1318 2038 1350 obsessum
2055 1317 2200 1349 civitatis

365 1379 519 1409 Mutinae
543 1384 577 1408 et
599 1376 645 1408 ibi
669 1381 834 1407 steterunt
858 1381 1005 1417 quatuor
1028 1374 1147 1406 diebus
1173 1380 1205 1405 et
1230 1374 1285 1405 die
1310 1373 1356 1415 iiij
1383 1373 1453 1404 iulii
1484 1378 1697 1404 recesserunt
1726 1371 1978 1413 composicione
2003 1371 2095 1402 facta
2119 1371 2201 1401 hinc

368 1432 456 1462 inde.
480 1431 524 1462 Et
549 1437 627 1461 tunc
651 1429 862 1460 Mutinenses
885 1427 1060 1459 intrinseci
1085 1433 1294 1468 acceperunt
1318 1426 1354 1457 in
1381 1426 1515 1457 civitate
1545 1426 1792 1468 quinquaginta
1808 1424 1932 1456 milites
1957 1423 2133 1455 Ecclesiae
2157 1424 2203 1454 ad

367 1484 558 1515 custodiam
583 1482 744 1514 Rectoris
769 1488 802 1512 et
827 1481 972 1513 civitatis
997 1488 1029 1512 et
1057 1491 1159 1511 unum
1184 1479 1453 1511 Thesaurarium
1476 1480 1520 1510 ad
1545 1479 1788 1510 inveniendum
1805 1478 1962 1509 intratam
1981 1483 2015 1507 et
2038 1486 2203 1517 expensas

369 1537 532 1569 Comunis
555 1546 618 1577 pro
635 1535 775 1566 domino
792 1534 924 1576 Legato
937 1533 975 1569 1“”;
995 1540 1028 1564 et
1045 1533 1089 1564 ita
1106 1533 1319 1564 Mufinenses
1342 1532 1519 1564 intrinseci
1544 1532 1758 1572 proviserunt
1783 1531 1862 1573 quia
1886 1540 1954 1561 non
1970 1534 2132 1571 poterant
2149 1539 2203 1559 re-

366 1589 469 1631 periri
493 1589 528 1620 in
552 1588 688 1620 civitate
711 1587 866 1618 Mutinae
890 1586 1136 1629 quinquaginta
1159 1584 1261 1616 modii
1286 1585 1447 1616 frumenti
1471 1585 1526 1615 vel
1550 1585 1689 1615 alterius
1713 1584 1817 1615 bladi.
2081 1589 2085 1592 ⁴

458 1708 478 1724 1.
489 1699 567 1728 filiis}
581 1700 631 1723 rasi
646 1708 714 1722 corr.
729 1699 816 1722 Mun..
831 1698 888 1722 Cr.:
901 1699 928 1721 et
938 1697 1013 1721 filios
1027 1697 1060 1721 A.
1072 1711 1103 1714 -—
1117 1704 1141 1727 3.
1155 1696 1352 1728 Mcccxxviiij]
1370 1694 1436 1726 1328
1446 1696 1487 1723 A„
1503 1696 1587 1719 Mun..
1602 1697 1660 1720 Cn:
1672 1704 1712 1719 ma
1724 1696 1737 1717 ὲ
1748 1695 1865 1718 evidente
1881 1703 1972 1717 errore
1984 1706 2015 1710 «-
2027 1703 2050 1725 4.
2065 1695 2102 1717 ita
2114 1693 2199 1724 quod}

367 1745 417 1769 cosi
438 1745 524 1773 Mun„
539 1745 599 1768 Cr.:
614 1744 709 1774 itaque
724 1744 756 1766 A.
772 1756 803 1759 st
825 1750 846 1773 5.
861 1744 926 1766 sunt
941 1750 988 1765 non
1003 1743 1015 1765 ἑ
1029 1742 1145 1765 nefasti
1158 1755 1186 1758 -
1205 1747 1228 1771 7.
1244 1741 1353 1764 Marcus
1370 1741 1455 1764 Min..
1471 1741 1532 1769 Cr.3
1548 1740 1675 1763 Marchio
1689 1740 1721 1762 A.
1736 1753 1767 1756 —
1785 1746 1823 1762 10.
1839 1746 1953 1762 concaui
1967 1739 2000 1761 A.
2039 1752 2046 1755 -
2066 1745 2103 1761 12.
2118 1738 2204 1761 Inter-

369 1789 446 1812 dictu
467 1791 493 1811 et
514 1795 587 1819 susp.
607 1788 640 1810 Α.
662 1801 669 1804 -
691 1787 738 1818 qui
753 1787 793 1810 ihi
820 1787 932 1809 fuerant
951 1787 982 1809 Α.
998 1799 1030 1802 -
1046 1792 1085 1816 13.
1105 1786 1192 1808 Dicto
1277 1785 1320 1807 die
1340 1793 1387 1808 om.
1402 1785 1443 1813 A„
1458 1784 1543 1813 Men„
1562 1786 1622 1807 (ξι-η·
1636 1785 1660 1807 lo
1675 1783 1923 1814 rzggiungoperckt*
1939 1783 2053 1812 miparc
2064 1782 2205 1812 frobaln'lv

370 1835 396 1856 la
417 1833 607 1856 dimenticamn
628 1833 672 1854 del
684 1831 783 1860 copistn
803 1843 835 1847 —-
860 1829 898 1853 16.
912 1837 1031 1853 comune
1044 1838 1092 1853 mm
1106 1830 1119 1853 ὲ
1133 1829 1177 1852 nei
1189 1830 1252 1852 testi
1266 1842 1297 1845 —
1314 1835 1353 1860 ¹7·
1367 1830 1424 1852 tarn
1439 1828 1568 1851 divenire
1581 1827 1656 1858 quod
1671 1827 1716 1854 A.;
1732 1830 1788 1851 tam
1803 1827 1939 1850 demissus
1953 1826 2028 1857 quod
2043 1826 2129 1855 Mum,
2145 1826 2204 1849 Cla:

372 1884 419 1908 per
438 1883 528 1900 aerem
549 1875 710 1899 devolando
731 1875 859 1906 dcpresse
879 1873 954 1904 quod
975 1874 1016 1897 M.
1037 1885 1068 1890 —
1091 1879 1130 1896 22.
1151 1873 1186 1896 ad
1207 1873 1362 1896 invendum
1382 1872 1520 1895 intratum
1540 1872 1588 1896 A:
1609 1872 1643 1895 ad
1665 1870 1816 1894 videndum
1837 1871 1972 1894 intratam
1994 1870 2079 1898 Mun„
2101 1870 2146 1893 Cr.
2171 1882 2204 1886 -—

370 1927 410 1951 23.
431 1921 457 1943 et
477 1922 543 1943 tunc
558 1920 696 1943 Mutinen.
718 1919 782 1941 intr.
798 1918 988 1949 provexerunt
1008 1918 1054 1947 qui
1077 1923 1134 1940 non
1155 1917 1188 1940 A.
1210 1917 1237 1940 II
1250 1920 1331 1946 passo
1351 1918 1363 1939 ὃ
1379 1919 1486 1947 guasto.
1507 1924 1520 1938 e
1540 1915 1563 1938 il
1581 1915 1657 1939 Mon.
1678 1916 1702 1939 Io
1721 1923 1837 1938 eom-esse
1851 1915 2009 1938 sostituendo
2023 1915 2204 1947 perrexerunt

370 1965 435 1995 quia
455 1974 468 1987 e
490 1965 534 1988 Cr.
555 1964 689 1995 leggenda
709 1964 896 1993 pervenerunt
917 1961 978 1992 qui;
999 1970 1040 1985 ma
1060 1962 1083 1984 il
1100 1961 1149 1992 qui
1168 1962 1181 1983 ὲ
1202 1961 1223 1984 il
1241 1961 1316 1984 solfta
1342 1961 1453 1984 scamhio
1473 1961 1518 1983 dcl
1536 1960 1635 1989 sofista
1655 1968 1699 1982 cau
1720 1960 1802 1990 quod.
1822 1968 1835 1983 c
1862 1960 2049 1991 provexerunt
2069 1959 2082 1981 ὲ
2101 1957 2203 1981 catriz-n

365 2009 459 2040 grafia
480 2008 510 2031 di
521 2008 717 2039 proviserunt:
733 2010 786 2036 per
805 2007 848 2028 stoi
867 2005 994 2036 I’origine
1013 2005 1170 2028 dell'errore
1185 2005 1229 2028 del
1241 2004 1341 2034 capista
1355 2007 1397 2027 sla
1412 2005 1559 2027 nell'averc
1574 2005 1638 2026 lello
1651 2004 1679 2026 ct
1692 2004 1758 2026 tunc
1769 2006 1820 2033 per
1834 2005 1860 2026 et
1881 2003 1921 2026 ita
1941 2012 1954 2026 a
1967 2002 2053 2026 simile
2067 2010 2112 2025 coa
2126 2001 2169 2025 cui
2181 2001 2203 2024 il

369 2052 483 2075 crmn'sta
503 2052 644 2074 intendem
664 2052 759 2081 legare
778 2053 868 2080 questa
889 2050 945 2073 alla
965 2049 1063 2072 notizia
1072 2049 1231 2078 precedente
1252 2056 1264 2071 c
1283 2048 1348 2071 dare
1363 2048 1486 2071 iusomma
1506 2049 1533 2071 Ια
1554 2047 1665 2078 ragione
1679 2048 1723 2070 che
1742 2048 1844 2070 indusse
1865 2047 1875 2069 i
1894 2046 2031 2070 Alodenesi
2043 2045 2204 2069 all'accordn

1311 2113 1434 2141 Boiardi,
1447 2112 1495 2134 che
1508 2112 1609 2134 surono
1622 2110 1783 2134 Francesco.
1794 2111 1908 2140 Matteo,
1921 2109 2014 2133 Guido
2027 2118 2040 2133 e
2051 2109 2205 2133 Gherardo.

1400 2151 1410 2167 ⁷
1421 2153 1473 2176 Per
1482 2155 1576 2183 questa
1589 2153 1798 2183 composizione
1807 2151 1880 2182 degli
1890 2151 1999 2175 Estensi
2009 2151 2052 2175 col
2062 2151 2134 2175 card.
2143 2151 2206 2174 Ber-

458 2113 465 2129 ¹
485 2114 529 2137 Cf.
545 2113 726 2142 G.K⁷11.r.2xx1,
745 2116 798 2139 cf..
817 2112 849 2142 X,
868 2119 923 2142 104,
942 2118 997 2141 122,
1016 2117 1071 2142 1²7-
1092 2110 1256 2135 Castruccio

369 2154 439 2179 mori
461 2158 617 2179 veramente
638 2155 658 2178 il
680 2161 691 2177 2
714 2155 859 2177 settembre
890 2152 964 2184 1328,
990 2161 1003 2176 e
1030 2153 1104 2176 nella
1133 2154 1258 2184 signoria

367 2198 407 2228 gli
429 2198 616 2221 succedettero
636 2197 740 2227 Arrigo
761 2204 774 2219 c
794 2196 832 2226 gli
861 2196 926 2219 altri
951 2196 1011 2218 suoi
1038 2195 1115 2226 figli;
1142 2202 1185 2218 ma
1211 2202 1259 2225 per

368 2240 450 2271 pochi
463 2240 565 2270 giomi,
579 2236 679 2270 poich'e
695 2238 713 2261 il
730 2244 742 2270 7
758 2238 868 2261 ottobre
884 2244 996 2260 assunse
1012 2237 1031 2259 il
1046 2244 1170 2267 governo
1184 2236 1258 2260 della

369 2281 436 2305 cittii
457 2282 650 2312 l'imperatore
671 2280 815 2303 Ludovico
837 2280 856 2302 il
877 2280 992 2306 Bavaro,
1014 2279 1062 2302 che
1084 2280 1109 2301 vi
1131 2286 1198 2309 pose
1212 2286 1260 2310 per

370 2324 476 2346 vicario
496 2322 627 2345 Federico
648 2322 796 2352 langravio
817 2322 844 2344 di
866 2321 1057 2351 Norimberga.

455 2363 466 2378 ’ἶ
485 2364 585 2387 Vedasi
607 2370 689 2394 sopra
709 2363 736 2386 la
758 2365 824 2386 nota
845 2361 868 2391 S,
890 2369 915 2393 p.
935 2367 977 2393 97.

455 2404 466 2419 ³
476 2405 615 2429 L’attuale
626 2404 719 2428 Castel
732 2404 839 2428 Ritaldi
854 2404 982 2435 (comune
995 2403 1024 2427 di
1039 2403 1134 2427 Castel
1149 2402 1260 2426 Ritaldi

369 2456 382 2471 e
401 2448 455 2471 San
477 2447 633 2477 Giovanni)
654 2447 698 2470 nel
719 2447 896 2470 circondario
916 2447 943 2470 di
964 2445 1088 2477 Spoleto.

457 2488 468 2504 ⁴
489 2490 569 2513 Oltre
590 2491 597 2512 i
618 2489 715 2519 luoghi
738 2487 785 2519 gift
805 2490 852 2512 cit.
876 2489 905 2511 in
926 2487 959 2511 G.
981 2488 1114 2518 VxLLAm,
1143 2489 1164 2510 si
1194 2487 1261 2510 vedu

369 2531 521 2560 TOMMAS1⁷
543 2531 690 2555 Sommario
712 2531 784 2554 della
804 2530 888 2553 storia
908 2530 938 2553 di
955 2531 1051 2553 Lucca.

457 2573 467 2589 5
488 2572 532 2596 Cf.
553 2571 660 2597 Fiuzzx.
680 2571 726 2601 III,
749 2577 799 2601 250
819 2580 832 2595 e
853 2578 910 2602 sgg.

456 2613 467 2628 ¹⁵
487 2613 597 2641 Tuum„
618 2614 688 2643 D1':.,
711 2614 729 2643 Ι,
750 2612 808 2644 378,
830 2613 997 2636 riferendosi
1019 2620 1033 2636 a
1054 2610 1186 2639 Gazam,
1201 2612 1261 2635 Chr.

370 2665 436 2687 reg..
449 2658 477 2679 in
488 2657 550 2679 RR.
563 2657 599 2679 ll.
611 2656 668 2685 SS,
681 2655 779 2685 XVIII,
793 2662 834 2685 40,
847 2663 942 2679 narra:
955 2655 968 2667 “
978 2654 1022 2678 nel
1037 2660 1102 2686 1329
1114 2654 1260 2684 Marsiglio

372 2699 384 2711 “
395 2707 409 2721 e
420 2697 514 2722 Pietro
525 2698 566 2721 de*
578 2698 660 2720 Rossi
672 2698 841 2728 parmigiani
854 2697 925 2720 colle
939 2696 984 2720 lor
995 2699 1094 2727 truppe
1105 2697 1257 2726 congiunte

371 2745 382 2753 ¹⁴
396 2741 468 2764 colle
489 2741 618 2771 reggiane
639 2741 777 2763 recaronsi
799 2748 813 2763 :i
834 2739 964 2768 Rubiera,
984 2747 998 2762 e
1018 2738 1172 2762 assaltaron
1193 2738 1255 2768 quel

372 2783 382 2795 ⁴*
396 2784 483 2813 borgo
497 2781 571 2805 dalla
586 2784 663 2812 parte
675 2782 702 2805 ‹li
716 2784 845 2813 ponente,
861 2789 913 2805 ove
927 2783 1045 2805 stavano
1057 2781 1257 2811 acquartieratc

371 2825 420 2848 “le
440 2828 540 2855 truppe
560 2823 633 2847 della
655 2824 764 2849 Chiesa.
785 2832 798 2847 e
820 2824 926 2847 sattane
946 2823 1049 2853 grande
1070 2824 1170 2853 strage,
1185 2829 1218 2845 nc
1232 2821 1257 2844 lc·

371 2866 383 2878 ‘¹
395 2867 558 2890 cacciarono
573 2867 604 2889 ed
620 2866 700 2889 ebbcr
715 2864 794 2889 molti
806 2867 940 2897 prigioni,
953 2865 1017 2889 esra
1028 2866 1080 2888 essi
1094 2864 1114 2887 il
1126 2863 1257 2888 suddetto

372 2909 383 2921 ‘⁴
395 2906 540 2932 Gherardo
554 2908 674 2931 Boiardo
687 2926 709 2938 η,
730 2906 929 2934 Quest'ultimo
943 2906 1111 2938 particolare
1122 2907 1256 2930 dimostra

370 2950 417 2973 che
428 2950 447 2973 il
457 2950 572 2974 castello
581 2950 608 2973 di
618 2949 738 2972 Rubiera
749 2950 777 2973 fu
787 2950 853 2973 dato
863 2950 1080 2973 anteriormente
1088 2947 1142 2972 alle
1150 2947 1257 2971 milizie

368 2992 572 3016 ecclesiastiche
592 2999 639 3023 per
661 2998 744 3022 opera
764 2992 807 3014 dei
827 2990 885 3022 figli
907 2990 950 3014 del
971 2990 1087 3014 defunto
1107 2988 1256 3013 Bonifacio

1314 2196 1415 2219 trando
1430 2195 1522 2218 vedasi
1538 2194 1734 2225 specialmente
1745 2193 1935 2222 Tmauoscun
1950 2193 2030 2216 Alem.
2047 2196 2088 2222 st„
2102 2191 2135 2222 11,
2148 2198 2205 2223 239·

1399 2234 1410 2251 Β
1424 2236 1501 2259 Deve
1513 2235 1630 2259 riferirsi
1648 2235 1702 2259 alla
1717 2235 1858 2258 cavalcata
1873 2235 1915 2258 dei
1929 2235 2088 2258 Fiorentini
2101 2236 2199 2257 contro

1314 2280 1387 2307 Pisa,
1408 2280 1557 2302 accennata
1579 2279 1605 2301 in
1627 2276 1661 2300 G.
1682 2277 1818 2305 Vumaxn
1841 2278 1894 2306 Cr.,
1915 2277 1948 2306 X,
1972 2283 2027 2307 134.

1401 2318 1412 2334 ‘³
1432 2320 1463 2343 In
1477 2319 1613 2349 (innunt,
1635 2319 1703 2343 Hist.
1718 2320 1748 2343 di
1766 2320 1833 2348 Bal„
1856 2319 1888 2344 ΙΙ,
1904 2317 1982 2350 88-89
2002 2319 2025 2341 si
2043 2318 2121 2350 legge
2141 2317 2205 2341 che:

1317 2363 1328 2375 ¹⁴
1342 2362 1389 2386 alli
1412 2369 1444 2393 24
1473 2363 1499 2385 di
1530 2363 1636 2393 giugno
1657 2361 1682 2385 al
1704 2364 1861 2384 tramontar
1886 2360 1930 2384 del
1951 2360 2008 2384 sole
2029 2361 2051 2383 si
2072 2358 2137 2383 levo
2157 2360 2202 2383 dal

1317 2402 1450 2428 “mezodi
1471 2411 1549 2427 verso
1570 2404 1699 2427 l'oriente
1719 2411 1755 2427 un
1777 2403 1883 2427 nuvolo
1910 2404 1937 2425 in
1959 2403 2016 2426 aria
2040 2410 2054 2426 a
2074 2402 2153 2433 guisa
2173 2402 2200 2425 di

1317 2446 1394 2470 “una
1415 2450 1489 2469 torre
1508 2448 1584 2469 tutto
1608 2445 1761 2475 infuocato,
1790 2446 1810 2468 il
1837 2444 1918 2475 quale
1944 2445 1991 2475 poi
2013 2445 2035 2467 si
2058 2444 2166 2467 ridusse
2188 2451 2202 2467 a

1318 2488 1431 2512 “forma
1451 2489 1478 2511 di
1501 2487 1581 2511 stella
1603 2495 1654 2511 con
1676 2495 1730 2511 una
1757 2487 1825 2510 coda
1846 2487 1931 2517 longa
1951 2494 1964 2509 e
1984 2484 2043 2509 cosi
2063 2483 2134 2509 duro
2154 2492 2203 2516 per

1319 2530 1331 2542 a
1343 2530 1435 2554 alcuni
1462 2531 1565 2561 giorni.
1604 2529 1780 2553 Finalmente
1805 2528 1860 2552 ella
1887 2530 1908 2552 si
1939 2525 2090 2552 trasformb
2118 2528 2145 2551 in
2167 2535 2203 2551 un

1319 2572 1450 2596 “mostro
1476 2572 1620 2601 horribile,
1648 2571 1696 2594 che
1716 2571 1854 2602 chiunque
1880 2570 1909 2594 lo
1927 2570 2068 2601 guardava
2097 2571 2205 2593 restava

1319 2614 1427 2645 “pieno
1447 2615 1475 2638 di
1497 2616 1640 2645 spavento,
1669 2621 1732 2637 cosa
1759 2613 1807 2636 che
1834 2620 1882 2644 per
1908 2612 1988 2636 molti
2013 2613 2079 2636 anni
2108 2612 2203 2636 avanti

1318 2657 1330 2669 “
1343 2664 1398 2680 non
1420 2664 1465 2680 era
1485 2658 1556 2680 stata
1578 2656 1678 2679 veduta
1691 2674 1713 2685 ,,.
1751 2654 1789 2678 La
1811 2655 1889 2678 sonte
1909 2654 1984 2678 dello
2004 2655 2109 2678 storico
2129 2652 2205 2677 bolo-

1315 2704 1397 2727 gnese
1419 2697 1447 2720 fu
1467 2698 1542 2720 certo
1562 2697 1672 2720 diversa
1686 2695 1762 2719 dalla
1776 2696 1872 2718 nostra
1887 2701 2012 2724 cronaca,
2035 2693 2108 2717 della
2122 2693 2204 2724 quale

1312 2737 1378 2769 pero
1398 2738 1539 2761 conferma
1560 2737 1586 2761 la
1606 2737 1678 2761 data.
1716 2736 1738 2759 11
1762 2736 1908 2759 fenomeno
1929 2734 1944 2759 ὲ
1962 2735 2088 2758 indicato
2117 2734 2202 2758 anche

1314 2779 1386 2803 nelle
1407 2780 1495 2803 A'otae
1524 2779 1678 2803 Is'eroncnses
1697 2777 1845 2810 (CIPOLLA.
1865 2778 1927 2800 Ant.
1948 2785 1985 2800 cr.
2000 2784 2066 2806 vern,
2085 2776 2106 2806 I,
2125 2775 2204 2808 474):

1314 2822 1325 2833 ⁶
1338 2822 1378 2844 De
1399 2828 1491 2845 mense
1508 2821 1585 2853 Junij
1608 2821 1650 2844 vel
1666 2820 1735 2852 Julij
1758 2820 1888 2850 apparuit
1913 2820 2028 2849 quedam
2056 2818 2136 2842 stella
2163 2825 2205 2841 co—

1315 2864 1412 2886 “mata
1432 2864 1460 2886 in
1491 2863 1606 2886 civitate
1632 2862 1734 2885 Veron.
1759 2863 1786 2884 et
1811 2860 1939 2884 extendit
1966 2868 1992 2884 se
2019 2867 2113 2884 versus
2138 2867 2205 2884 mar-

1315 2906 1327 2917 ·⁴
1340 2905 1429 2928 chiam
1451 2904 1629 2928 Trivisanam
1650 2906 1677 2927 et
1697 2903 1868 2933 significavit
1888 2903 1990 2926 multas
2010 2903 2151 2926 novitates
2163 2921 2184 2931 .‚.

1402 2945 1424 2961 ¹⁰
1442 2946 1473 2969 T.
1494 2946 1684 2973 Sandonnini,
1706 2945 1800 2968 dando
1821 2946 1925 2968 notizia
1945 2945 1972 2968 di
1994 2952 2029 2968 un
2056 2946 2204 2976 superstite

1312 2989 1394 3013 Liber
1415 2988 1643 3020 Reformatinnum
1656 2988 1771 3010 comunis
1786 2987 1889 3010 Alutine
1903 2986 1946 3009 del
1961 2987 2052 3017 primo
2073 2988 2201 3009 semestre

2229 843 2266 873 10

2230 1106 2266 1137 15

2226 1371 2267 1401 20

2236 2242 2265 2267 35

2233 2453 2268 2477 4⁰

2234 2873 2267 2898 50
