2318 3603
166 1410 185 1419 ι.
205 1402 246 1419 ‹dh

286 2059 315 2074 10

284 2498 316 2516 20

284 2704 314 2729 25

282 2915 316 2939 30

948 219 1259 255 CHRONICON
1289 221 1596 257 MUTINENSE
1880 228 1966 263 [ΑΛ.
1989 230 2179 262 1338-1339]

368 294 2179 306 ........................................................................................................................................................................................................

357 351 436 383 gum
449 341 640 373 Monsilicis
654 341 815 373 traditum
834 342 898 373 fuit
910 352 972 383 per
985 341 1203 373 concordiam
1221 342 1399 383 [gentibus]
1416 342 1623 374 Venetorum
1637 350 1669 375 et
1683 343 1821 375 Paduae
1835 350 1868 375 et
1880 350 1999 386 gentes
2012 345 2181 376 dictorum

358 394 551 424 comunium
568 400 601 425 et
616 394 769 425 comunis
781 394 973 426 Florentiae
989 400 1150 425 steterant
1167 394 1242 434 [ibi]
1259 395 1293 424 in
1310 394 1482 426 obsessum
1499 397 1566 438 xvj.
1584 396 1756 428 mensibus
1772 396 1792 426 ¹.
1817 396 1916 427 Tunc
1934 397 2090 428 dominus
2106 397 2181 428 Ma—

354 445 461 477 stinus
478 446 568 477 della
585 446 687 478 Scala
709 447 857 488 propriis
875 447 1030 478 manibus
1046 446 1218 478 interfecit
1236 447 1444 488 Episcopum
1462 447 1618 479 Veronae
1637 449 1680 479 de
1697 449 1860 491 progenie
1878 460 1936 480 sua
1950 448 1972 480 ².
1998 450 2043 481 Et
2060 449 2114 481 die
2131 460 2183 480 sa-

356 498 426 529 bati
442 500 518 542 xxvj
537 499 739 540 septembris
762 506 879 542 gentes
896 499 1027 531 domini
1044 499 1219 531 Bononiae
1237 499 1271 530 in
1289 499 1477 541 quantitate
1494 508 1689 532 sexcentum
1712 501 1856 533 militum
1872 507 1906 533 et
1922 502 2064 533 duorum
2088 501 2183 533 milia

354 551 507 592 peditum
531 552 665 583 iverunt
681 552 716 583 in
735 553 893 584 districtu
910 553 1075 584 Ravenae
1092 553 1277 584 inferentes
1294 552 1340 584 ibi
1365 553 1548 584 maximum
1567 554 1714 595 dapnum
1740 561 1773 586 et
1796 554 1934 586 fuerunt
1957 554 2007 586 ibi
2031 554 2184 595 pluribus

359 603 479 635 diebus
492 603 513 634 ³.
538 603 651 636 'Tunc
671 605 751 646 [die]
769 605 867 637 lunae
892 605 996 648 xxviij
1022 604 1222 646 septembris
1239 605 1281 636 de
1294 611 1395 637 nocte
1412 605 1471 646 [in]
1485 606 1604 649 vigilia
1617 607 1725 637 sancti
1742 607 1924 638 Michaelis
1936 607 2073 638 fuerunt
2085 617 2184 639 scon-

357 657 454 688 fictae
479 663 599 699 gentes
623 658 752 689 domini
776 658 915 690 Mastini
941 658 1033 690 della
1058 658 1159 689 Scala
1183 658 1278 689 iuxta
1296 664 1442 689 castrum
1459 659 1715 702 Montagnanae
1732 670 1793 701 per
1816 666 1937 702 gentes
1959 660 2181 697 Venetorum,

355 710 382 741 F
384 709 642 747 lorentinorum,
666 709 924 747 Paduanorum3
950 711 985 741 in
1010 721 1077 752 quo
1101 711 1262 742 conflictu
1278 711 1369 752 capti
1386 712 1525 742 fuerunt
1544 712 1673 743 domini
1690 713 1850 744 Gibertus
1867 720 1899 744 et
1924 713 2037 744 Guido
2055 713 2098 744 de
2115 711 2183 744 Fo—

352 762 442 793 liano
466 762 601 800 milites,
625 761 818 795 Bertolinus
849 764 892 795 de
917 762 1091 806 Quercola
1115 763 1157 795 de
1183 764 1211 795 F
1214 763 1328 796 oliano
1353 769 1387 794 et
1410 764 1506 795 multi
1529 765 1586 795 alii
1611 770 1678 795 tam
1702 765 1832 796 nobiles
1856 776 1956 807 quam
1979 765 2146 808 ignobiles
2158 765 2180 796 ⁴.

353 813 454 845 Tunc
477 815 645 856 quaedam
669 822 758 848 terra
781 816 824 847 de
849 816 1003 858 partibus
1025 815 1230 859 Aquilegiae
1253 816 1428 848 combusta
1452 817 1517 847 fuit
1534 817 1613 858 igne
1637 818 1781 849 cadente
1807 818 1849 850 de
1874 818 1981 850 caelo.
2027 818 2126 850 Tunc
2150 824 2182 849 et

351 867 456 897 rocha
479 873 511 898 et
535 873 683 899 castrum
706 868 898 900 Monsilicis
922 868 1095 900 districtus
1117 867 1256 900 Paduae
1290 869 1494 910 prodicione
1526 869 1821 910 stipendiariorum
1849 871 2061 902 existentium
2091 871 2183 902 intus

351 919 513 951 traditum
530 920 595 951 fuit
618 920 757 952 domino
781 921 948 953 Ubertino
973 922 1015 952 de
1040 921 1184 953 Cararia
1209 921 1346 953 domino
1365 921 1515 953 civitatis
1530 921 1668 954 Paduae
1682 921 1710 941 ⁵·
1702 923 1773 959 ‚ad
1789 923 1882 964 quod
1899 929 2045 955 castrum
2062 928 2182 966 gentes

353 971 483 1003 domini
506 972 664 1005 Ubertini
689 979 853 1005 steterunt
876 974 913 1005 in
937 973 1108 1006 obsessum
1133 985 1188 1005 xx.
1212 984 1344 1006 menses
1368 974 1421 1005 vel
1445 974 1547 1006 circa.

436 1024 601 1056 Dominus
625 1025 790 1057 Nicolaus
814 1026 857 1058 de
880 1025 1074 1058 Macaruffis
1097 1026 1294 1067 praedictus
1317 1025 1472 1058 Potestas
1494 1025 1648 1059 Mutinae
1671 1037 1734 1068 pro
1759 1027 1904 1060 dominis
1927 1028 2182 1060 Marchionibus

1222 1079 1322 1111 Tunc
1339 1089 1406 1120 pax
1422 1079 1516 1111 facta
1532 1079 1599 1111 fuit
1615 1079 1703 1112 inter
1727 1080 1884 1112 dominos
1908 1081 1997 1113 della
2015 1081 2117 1113 Scala
2139 1091 2182 1113 ex

351 1135 446 1170 parte
471 1140 538 1161 una
562 1137 595 1162 et
621 1140 765 1163 comune
791 1132 1001 1164 Venetorum
1025 1138 1059 1164 et
1083 1132 1276 1164 Florentiae
1302 1143 1378 1164 cum
1403 1132 1606 1174 sequacibus
1629 1133 1698 1164 suis
1723 1143 1763 1165 ex
1788 1134 1905 1172 altera,
1937 1134 1996 1165 tali
2029 1144 2178 1166 conven-

349 1181 455 1220 cione,
480 1184 573 1225 quod
605 1184 690 1215 dicti
722 1184 811 1216 della
835 1185 937 1217 Scala
969 1185 1104 1217 tradant
1128 1185 1264 1217 comuni
1298 1186 1507 1217 Venetorum
1531 1185 1706 1217 civitatem
1735 1193 1767 1217 et
1791 1187 1983 1218 districtum
2016 1187 2181 1223 Tarvisii3

350 1240 382 1265 et
406 1235 579 1267 civitatem
604 1236 741 1268 Paduae
766 1244 799 1269 et
831 1238 900 1269 eius
937 1238 1126 1269 districtum
1162 1238 1369 1270 demiserunt
1404 1238 1539 1269 domino
1565 1238 1742 1279 [B‘Iarsilio]
1775 1239 1817 1270 de
1852 1239 2024 1277 Carraria3
2059 1246 2093 1271 et
2125 1249 2182 1271 co-

349 1288 439 1318 muni
463 1289 657 1321 Florentiae
681 1290 779 1331 plura
802 1296 913 1322 castra
949 1296 981 1322 et
1016 1290 1179 1322 fortilicia
1214 1290 1345 1323 scilicet
1376 1291 1537 1328 Usanum,
1562 1291 1704 1332 [Altum]
1732 1302 1876 1332 passum,
1901 1292 2046 1330 Pesiam‚
2071 1293 2180 1335 Buca-

346 1351 436 1378 num,
462 1352 603 1383 quarum
627 1349 794 1374 terrarum
819 1343 913 1375 dicto
937 1344 1074 1375 comuni
1097 1344 1291 1376 Florentiae
1323 1344 1448 1375 tradita
1479 1344 1546 1375 fuit
1576 1345 1744 1386 possessio
1776 1345 1831 1376 die
1863 1345 2036 1377 dominico
2060 1345 2103 1388 vij
2129 1346 2180 1377 fe-

351 1393 477 1425 bruarii
492 1394 512 1426 ⁷.
558 1395 602 1427 Et
637 1402 719 1427 tunc
750 1396 890 1428 relaxati
922 1397 1060 1428 fuerunt
1085 1397 1127 1428 de
1161 1397 1355 1428 carceribus
1387 1396 1555 1428 comunis'
1587 1397 1798 1429 Venetorum
1832 1398 1987 1429 dominus
2018 1397 2181 1430 Albertus

345 1447 438 1478 della
455 1447 566 1484 Scala,
585 1448 740 1480 dominus
757 1449 972 1491 Guidoricius
989 1449 1032 1480 de
1050 1449 1194 1481 Foliano
1208 1449 1252 1480 de
1265 1450 1379 1492 Regio
1395 1456 1428 1480 et
1444 1449 1559 1491 plures
1576 1450 1634 1481 alii
1649 1449 1669 1481 ⁸.
1718 1451 1762 1481 Et
1779 1451 1963 1482 occasione
1979 1451 2179 1492 praedictae

344 1509 487 1542 guerrae
512 1501 679 1541 praedicti
704 1501 831 1532 domini
856 1501 946 1533 della
970 1502 1082 1539 Scala,
1106 1502 1330 1543 perdiderunt
1355 1502 1513 1534 civitates
1530 1502 1706 1540 Cividafis,
1724 1503 1838 1540 Feltri,
1855 1503 2006 1541 Paduae,
2023 1503 2180 1541 Tarvisii,

348 1551 495 1590 Brixiae,
520 1563 604 1595 quas
628 1563 745 1585 eorum
771 1554 926 1586 dominus
950 1554 1165 1597 gubernabat
1195 1561 1272 1586 ante
1305 1555 1397 1596 quod
1429 1555 1522 1586 dicta
1544 1565 1667 1598 guerra
1692 1562 1780 1587 esset
1803 1556 1951 1597 incepta.
1998 1556 2098 1588 Tunc
2123 1556 2180 1587 die

406 1680 426 1698 1.
453 1673 559 1697 Montis
584 1674 677 1699 Silicis
701 1674 787 1704 Mun„
816 1675 861 1699 Cr.
881 1687 891 1692 -
911 1675 1042 1706 gentibus
1061 1683 1128 1707 agg.
1158 1675 1234 1699 Mmz.
1255 1688 1265 1693 -
1284 1677 1313 1700 et
1332 1677 1430 1700 avanti
1448 1683 1464 1700 a
1483 1677 1578 1707 gentes
1605 1676 1693 1705 Μαι-,ς
1714 1683 1775 1699 cum
1801 1676 1843 1705 A.⁷
1865 1677 1910 1700 Cr.
1931 1689 1962 1693 -—
1985 1682 2007 1700 2.
2027 1675 2176 1707 staterant]

345 1716 396 1740 cosi
414 1717 501 1744 Mun..
522 1719 582 1747 Cr.;
602 1719 719 1742 steterat
738 1718 761 1741 A
782 1731 791 1735 -
813 1718 851 1742 ibi
872 1726 940 1750 agg.
959 1719 1000 1743 A..
1022 1719 1108 1748 Mna„
1129 1720 1174 1743 Cr.
1195 1733 1226 1736 —
1247 1728 1271 1750 4.
1299 1719 1381 1751 xxVJ]
1401 1724 1433 1749 27
1453 1720 1495 1748 A„
1516 1720 1601 1746 Mun..
1625 1720 1678 1748 Cr.;
1699 1728 1741 1743 ma
1760 1720 1783 1743 il
1799 1720 1890 1744 sabato
1909 1720 1992 1744 cadde
2011 1721 2035 1743 il
2049 1721 2083 1746 26
2104 1734 2133 1737 --
2153 1719 2169 1743 6

346 1757 401 1789 die]
426 1767 505 1791 agg..
524 1760 611 1790 MUR.²
636 1760 681 1784 Cr.
702 1773 712 1778 -
733 1759 840 1791 xxan]
861 1766 892 1791 ²9
912 1760 953 1789 A.,
974 1761 1060 1789 Mna„
1082 1761 1145 1790 Cr.;
1164 1761 1193 1784 la
1212 1761 1315 1793 vigilia
1334 1761 1364 1784 di
1387 1769 1434 1785 san
1455 1762 1565 1785 Michele
1584 1759 1597 1783 ὲ
1616 1761 1640 1783 il
1655 1761 1689 1785 28
1707 1761 1842 1785 settembre
1861 1762 1906 1785 che
1924 1763 1968 1785 nel
1990 1763 2056 1789 1³³8
2066 1762 2104 1794 fu
2124 1765 2177 1793 ap—

342 1804 424 1831 punto
450 1809 483 1825 un
502 1801 591 1826 Iunedi
611 1814 621 1820 -
642 1802 671 1826 in
691 1811 758 1834 agg.
779 1803 865 1831 Mum,
886 1803 933 1828 Cr.
953 1815 984 1819 -
1005 1810 1030 1834 9.
1050 1801 1219 1833 Bertolinus]
1239 1803 1381 1827 Bitolinus
1399 1803 1441 1832 A..
1462 1804 1548 1833 Mum,
1570 1803 1631 1833 Cr-;
1644 1806 1698 1833 per
1716 1804 1743 1826 la
1762 1811 1830 1828 corr.
1850 1811 1877 1827 v.
1896 1807 1957 1828 nota
1976 1812 1993 1834 ,ι
2013 1816 2023 1821 -
2043 1804 2179 1828 Guerzola

347 1843 392 1867 Cr.
413 1856 445 1859 —
469 1850 508 1867 11.
528 1844 635 1869 Montis
653 1844 748 1868 Silicis
767 1845 853 1874 Μυκ,
877 1845 922 1869 Cr.
942 1858 973 1862 —
998 1852 1037 1876 ¹4·
1058 1845 1226 1869 Machaluffis
1244 1845 1290 1875 A.3
1310 1845 1466 1869 Macaruffis
1481 1845 1568 1874 Mun„
1590 1846 1650 1870 Cr.:
1671 1845 1800 1869 Nlcolaus
1819 1845 1853 1869 de
1874 1846 1981 1870 Tabula
2000 1845 2032 1870 de
2051 1846 2178 1870 Ferraria

348 1885 386 1909 M.
408 1898 437 1901 ψ
461 1891 499 1917 17.
520 1885 633 1909 tradant
645 1886 687 1914 A„
701 1887 789 1915 Μυκη
811 1887 871 1916 Cn:
883 1888 963 1918 forse
982 1887 1133 1916 traderent,
1146 1894 1213 1911 come
1225 1887 1329 1911 sar-ebbe
1343 1887 1466 1911 richiesto
1481 1887 1529 1910 dal
1545 1886 1610 1916 fuit.
1627 1890 1677 1916 par
1694 1888 1799 1911 cattiva
1817 1889 1916 1911 lettura
1934 1888 1964 1911 di
1981 1896 2014 1910 un
2033 1887 2153 1911 trad’nt?
2167 1900 2176 1905 -

345 1925 470 1950 Tervisii
490 1927 522 1951 A.
544 1940 574 1944 —
597 1928 639 1952 18.
658 1928 784 1952 Mai-silio
805 1936 856 1952 non
869 1926 882 1950 ἕ
895 1929 939 1951 nei
955 1929 1035 1952 tesn':
1055 1937 1122 1960 agg.
1142 1928 1177 1952 da
1195 1936 1234 1952 me
1246 1932 1298 1959 per
1317 1929 1443 1960 maggior
1456 1929 1593 1953 chiareeu
1608 1942 1636 1945 W
1657 1935 1695 1959 ¹9-
1712 1928 1849 1953 sortilicia
1862 1937 1882 1952 s.
1900 1929 2064 1953 nntium-um
2080 1929 2178 1953 Abana

346 1974 455 1999 passum
475 1969 523 1998 A.;
543 1968 693 1993 fortilitias
719 1969 827 1994 scilicet
854 1970 949 1994 Altum
974 1970 1088 1994 Passum
1117 1970 1209 1999 Mum
1236 1970 1383 1994 sortllitias
1402 1970 1559 1994 butirorum
1580 1970 1674 1994 Altum
1694 1970 1809 1994 Passum
1831 1971 1876 1994 Cr.
1898 1984 1928 1986 ξ
1951 1977 1992 1994 22.
2013 1970 2177 1995 Guiderzius

350 2009 392 2038 ¹1.·‚
412 2009 505 2034 Guldo
518 2011 630 2035 Riccius
646 2012 731 2040 Mun„
753 2012 798 2035 Cr.
819 2026 849 2028 —
872 2017 913 2042 23.
933 2012 1052 2036 Trivisii
1071 2011 1104 2035 A.
1125 2025 1156 2029 -
1178 2017 1220 2042 24.
1233 2012 1318 2035 lidem
1333 2012 1441 2035 domini
1455 2019 1522 2036 corr.
1538 2012 1616 2035 Μυκ.
1629 2021 1641 2034 (-
1657 2012 1717 2040 οης
1737 2020 1779 2035 ma
1798 2013 1826 2036 la
1845 2019 1912 2036 corr.
1934 2010 1946 2034 ἒ·
1965 2013 2068 2041 barrile,
2082 2010 2176 2042 poich&

343 2052 429 2080 prima
447 2052 473 2075 il
488 2052 604 2076 cronista
624 2053 656 2076 ha
676 2057 814 2077 accennato
841 2054 903 2083 agg-li
929 2054 1066 2083 Scaliger?
1080 2054 1108 2077 in
1123 2061 1224 2085 genere
1242 2053 1361 2084 [domini
1381 2053 1451 2077 della
1469 2052 1561 2085 Scala]
1581 2061 1594 2075 e
1608 2054 1658 2084 pol
1675 2054 1700 2076 in
1717 2054 1881 2083 particulare
1899 2054 1946 2084 ψη·
1962 2056 1994 2077 al
2015 2058 2079 2083 capu
2105 2054 2176 2078 della

336 2094 479 2125 >mm124rliffi
498 2094 616 2118 stlnsh'no
636 2094 742 2125 [eorum
756 2094 886 2119 dominus
905 2093 960 2119 cio?-
978 2096 1107 2120 dominus
1127 2095 1237 2120 illorum
1259 2095 1330 2119 della
1349 2095 1438 2127 Scala]
1459 2109 1469 2114 -
1489 2097 1635 2126 antequam
1657 2095 1745 2124 Mun„
1769 2097 1813 2120 Cr.

346 2163 478 2185 condnnne
491 2162 580 2187 della.
604 2162 669 2194 1338
684 2163 787 2194 (Anca.
807 2169 939 2188 cAPrroL.
954 2170 983 2187 DI
999 2163 1096 2195 Mon),
1109 2171 1129 2187 c.
1148 2170 1156 2186 1
1174 2172 1187 2187 e
1201 2171 1231 2195 41

345 2205 369 2234 (¹⁶
381 2204 486 2227 nobilis
498 2206 541 2228 vir
553 2205 706 2229 Nicholaus
715 2206 747 2229 de
756 2206 931 2230 Macharuffis
938 2206 971 2230 de
981 2205 1097 2235 Padua„
1108 2206 1233 2235 ;V101N1,

345 2249 384 2275 op.
404 2246 457 2276 cit„
472 2246 506 2273 11,
521 2245 614 2278 9-11);
630 2247 650 2270 il
666 2254 694 2270 21
712 2248 849 2272 dicembre
867 2247 931 2279 1338
946 2248 966 2271 il
981 2245 1096 2279 podest&
1110 2248 1190 2272 diede
1204 2249 1232 2271 in

345 2287 448 2318 moglie
463 2295 477 2311 a
491 2286 686 2319 Guglielmino
701 2288 831 2321 Rangoni
848 2290 873 2314 la
887 2291 1003 2322 propria
1015 2289 1092 2321 figlia
1106 2289 1233 2313 Antonia

344 2328 445 2359 (Alerta,
457 2337 480 2353 a.
495 2329 568 2361 1338,
579 2330 599 2356 Ι,
615 2338 639 2353 n.
654 2331 717 2362 971)
727 2340 732 2358 ;
744 2339 756 2354 e
768 2331 864 2355 l'anno
879 2333 1008 2363 seguente
1023 2332 1048 2356 ai
1063 2339 1078 2363 3
1089 2332 1196 2363 giugno
1208 2332 1232 2355 la

347 2372 443 2401 nipote
454 2371 525 2395 Aica
535 2371 621 2395 aNeri
632 2373 666 2396 da
676 2373 884 2404 Montegarullo
895 2373 954 2405 (ivi.
962 2381 985 2397 a.
1000 2381 1074 2405 1339,
1085 2373 1118 2401 11,
1126 2381 1152 2397 n.
1163 2372 1232 2405 645).

432 2410 439 2426 ¹
452 2412 594 2437 L'assedio
604 2414 631 2437 di
644 2414 805 2442 Monselice,
817 2422 893 2438 come
905 2415 1033 2439 abbiamo
1045 2417 1119 2439 visto
1128 2414 1164 2446 (p.
1176 2414 1233 2441 116,

346 2454 412 2476 nota
433 2452 459 2484 7)
474 2460 518 2477 era
539 2455 710 2478 cominciato
726 2455 870 2479 nell'anno
885 2456 1056 2486 precedente,
1077 2457 1105 2479 in
1120 2458 1232 2487 agosto:

345 2501 372 2517 se
392 2494 418 2519 la
439 2503 497 2519 resa
519 2495 547 2518 fu
568 2496 735 2527 nell'agosto
755 2497 798 2520 del
824 2496 896 2529 1338.
917 2498 1030 2521 sarebbe
1050 2498 1149 2521 durato
1163 2498 1233 2522 sola-

346 2538 435 2560 mente
455 2544 491 2560 un
513 2544 594 2560 anno.

431 2576 442 2592 ²
462 2578 483 2601 Il
506 2586 624 2602 vescovo
644 2580 671 2602 di
694 2580 811 2607 Verona.
832 2581 927 2605 ucclso
957 2582 984 2605 di
1015 2589 1062 2605 sua
1091 2589 1173 2605 mano
1199 2582 1233 2605 da

346 2619 469 2643 Mastino
488 2620 513 2643 11
533 2620 606 2643 della
626 2620 714 2648 Scala,
736 2622 763 2645 su
784 2622 961 2646 Bartolomeo
982 2623 1055 2646 della
1074 2622 1166 2650 Scala,
1185 2623 1233 2646 che

343 2667 388 2684 era
409 2662 482 2684 stato
503 2661 589 2685 eletto
611 2662 653 2685 nel
679 2669 741 2694 1331
765 2662 871 2694 (GAMS.
892 2672 917 2695 p.
938 2663 1009 2696 806).
1048 2664 1125 2688 Sulle
1153 2672 1232 2688 cause

343 2703 370 2725 di
392 2704 487 2733 questa
507 2704 646 2727 uccisione
667 2705 782 2735 qualche
801 2706 871 2729 utile
885 2707 1080 2730 osservazione
1096 2704 1110 2730 ὲ
1125 2708 1153 2730 in
1168 2706 1233 2729 TIR-

344 2749 495 2770 RABoscm.
516 2745 596 2768 Mem.
615 2748 655 2769 st..
675 2745 708 2771 V,
728 2751 770 2776 45.
1152 2760 1158 2767 ι

430 2783 440 2800 ³
454 2785 492 2809 Le
505 2787 576 2810 sonti
589 2788 735 2819 bolognesi
748 2788 863 2820 (Corpus
873 2791 926 2814 chr.
940 2791 1004 2817 bon„
1018 2790 1050 2815 11.
1064 2788 1127 2821 485)
1139 2787 1232 2813 danno

346 2828 364 2850 il
385 2834 415 2851 22
438 2829 584 2853 settembre
598 2838 676 2855 come
694 2831 757 2855 data
778 2832 851 2856 della
879 2833 1039 2864 spedizione
1065 2834 1164 2856 contro
1183 2831 1233 2856 Ra-

345 2877 435 2893 venna
465 2872 624 2902 capitanata
654 2873 688 2896 da
717 2871 854 2898 Giacomo
883 2874 909 2897 di
940 2874 1053 2898 Taddeo
1082 2873 1189 2905 Pepoli.
1220 2882 1233 2897 e

346 2918 479 2943 pongono
501 2913 519 2935 il
541 2914 652 2938 ritorno
671 2915 698 2938 di
724 2922 782 2939 essa
802 2916 876 2947 dopo
896 2917 957 2939 otto
977 2916 1081 2947 giorni.

432 2951 445 2967 ⁴
471 2953 509 2977 Su
541 2958 638 2985 questo
670 2957 740 2980 fatto
773 2957 807 2980 cf.
839 2956 990 2982 CoR'rusn.
1024 2958 1171 2986 Historiae,
1202 2958 1231 2981 in

1290 2164 1353 2187 RR.
1374 2162 1413 2187 II⁴
1436 2164 1494 2190 SS„
1515 2164 1574 2189 XII,
1595 2163 1653 2195 894.
1674 2164 1820 2188 Bartolino
1841 2164 1971 2196 Fogliani
1993 2172 2037 2188 era
2052 2165 2129 2189 detto
2143 2166 2177 2188 da

1290 2204 1435 2232 Querzola.
1451 2204 1548 2237 perche
1563 2208 1661 2229 teneva
1677 2206 1702 2229 la
1717 2207 1843 2238 signoria
1857 2206 1900 2230 del
1917 2206 2032 2230 castello
2046 2207 2073 2230 di
2091 2205 2177 2234 Quer-

1289 2247 1350 2270 zola
1371 2255 1387 2271 0
1408 2246 1561 2274 Querciola
1582 2248 1655 2271 nella
1683 2250 1835 2279 montagna
1861 2249 1887 2271 di
1910 2247 2024 2279 Reggio.
2052 2256 2107 2272 uno
2133 2249 2175 2272 dei

1290 2289 1363 2313 feudi
1385 2289 1459 2313 della
1479 2297 1527 2313 sua
1550 2290 1676 2320 samiglia
1696 2289 1818 2320 (Tuus.
1838 2291 1909 2319 Dia,
1931 2290 1963 2316 11.
1984 2290 2054 2321 235).

1377 2329 1387 2344 ⁵
1408 2331 1544 2355 Ubertino
1564 2332 1598 2355 da
1612 2331 1728 2355 Cari-ara
1743 2340 1787 2355 era
1802 2332 1950 2356 succeduto
1965 2332 2038 2355 nella
2053 2333 2177 2363 signoria

1288 2373 1315 2396 di
1338 2372 1448 2397 Paclova
1470 2382 1483 2397 a
1504 2374 1632 2397 Marsilio
1652 2374 1663 2397 I
1684 2374 1703 2397 il
1726 2380 1754 2397 ιι
1778 2381 1871 2397 marzo
1893 2373 1966 2404 1338.

1375 2413 1385 2429 ὃ
1396 2415 1558 2439 PedesterIa
1574 2416 1771 2440 documentata
1786 2416 1859 2446 negli
1876 2416 1927 2439 atti
1944 2415 2067 2446 pubblici
2082 2415 2174 2446 (Mem.

1288 2464 1311 2479 a.
1334 2463 1408 2488 1339.
1427 2457 1460 2482 ΙΙ.
1483 2465 1528 2480 ηη.
1552 2464 1571 2486 1.
1594 2462 1634 2489 73,
1656 2456 1706 2488 284
1727 2456 1791 2488 746:
1813 2456 1897 2480 “Nic.
1918 2457 1951 2481 de
1976 2456 2176 2485 Macharuffis„

1288 2505 1304 2521 o
1326 2498 1379 2521 “de
1398 2498 1564 2523 Macharufis
1576 2498 1613 2530 „);
1633 2500 1671 2524 cf.
1689 2499 1799 2527 V101N1,
1819 2503 1858 2529 op.
1878 2500 1930 2527 σα,
1950 2498 1983 2526 Π,
2003 2505 2071 2530 9-11.

1374 2538 1385 2554 ⁷
1399 2540 1438 2564 La
1453 2542 1576 2565 cessione
1591 2542 1617 2565 di
1630 2541 1748 2565 Treviso
1763 2542 1787 2565 ai
1803 2541 1952 2565 Veneziani
1965 2541 1998 2564 da
2010 2543 2088 2573 parte
2101 2541 2175 2572 degli

1287 2581 1421 2613 Scaligeri
1442 2590 1569 2607 avvenne
1590 2583 1608 2606 il
1626 2589 1657 2613 ²4
1671 2584 1792 2614 germaio
1810 2590 1887 2614 1339:
1903 2582 1928 2606 Ie
1942 2583 2059 2607 castella
2075 2584 2176 2607 furono

1288 2623 1350 2647 date
1371 2625 1395 2647 ai
1411 2623 1569 2647 Fiorentini
1593 2624 1611 2647 il
1628 2630 1641 2656 7
1659 2624 1781 2648 febbraio
1795 2624 1882 2647 anche
1896 2624 2016 2647 secondo
2029 2623 2174 2648 Giovanni

1287 2665 1405 2690 Villani.
1427 2666 1446 2688 il
1468 2666 1556 2696 quale,
1578 2667 1622 2690 Cr.
1643 2665 1689 2690 XI.
1708 2672 1750 2698 90.
1771 2666 1881 2689 ricorda
1902 2667 2027 2697 appunto
2053 2668 2096 2690 tra
2119 2674 2176 2690 esse

1290 2708 1302 2719 ‘¹
1312 2706 1421 2731 Uzzano
1434 2709 1462 2730 in
1474 2707 1673 2731 Valdinievole
1684 2715 1697 2731 e
1712 2707 1731 2730 il
1745 2707 1860 2731 castello
1872 2707 1898 2730 di
1912 2707 2006 2731 Pescia
2016 2715 2030 2731 e
2041 2708 2135 2738 quello
2146 2709 2175 2732 di

1290 2751 1301 2760 “
1314 2748 1460 2780 Buggiano
1481 2757 1494 2773 e
1515 2749 1576 2773 loro
1596 2750 1742 2773 territorio
1756 2749 1924 2780 Altopascio
1938 2767 1959 2777 „.
1979 2748 2002 2773 11
2021 2749 2081 2773 Cltr.
2096 2751 2176 2781 [ἐρέῃ

1287 2790 1316 2813 in
1333 2791 1396 2814 RR.
1421 2792 1458 2814 II.
1474 2791 1533 2817 SS..
1547 2789 1647 2818 xvm,
1661 2795 1702 2822 54,
1716 2788 1751 2814 ἀεὶ
1764 2790 1774 2813 i
1787 2792 1863 2814 nomi
1879 2790 1924 2814 dei
1937 2792 2051 2821 quattro
2067 2791 2175 2815 castelli

1288 2829 1363 2855 cosit
1383 2830 1396 2843 ‘⁸‘
1410 2832 1538 2856 Castrum
1559 2832 1663 2857 Pesiae.
1685 2831 1815 2856 Castrum
1836 2832 1971 2861 Buzanae.
1986 2832 2129 2857 Cerulium
2149 2835 2176 2857 et

1290 2873 1302 2885 “
1314 2873 1411 2897 Altum
1433 2881 1543 2906 passum
1555 2890 1575 2903 n·

1377 2915 1388 2933 ⁸
1406 2917 1458 2942 Per
1479 2917 1573 2942 Guido
1593 2917 1708 2941 Riccius
1722 2918 1756 2941 cf.
1772 2919 1923 2946 Conrusn,
1939 2918 1967 2941 in
1985 2920 2047 2942 RR.
2064 2920 2102 2943 ΙΙ.
2117 2919 2175 2947 SS..

1288 2957 1349 2987 ΧΗ,
1369 2957 1428 2991 869,
1447 2957 1506 2989 888.
1527 2958 1585 2991 894,
1606 2958 1664 2991 898,
1683 2966 1751 2991 9193
1770 2959 1882 2990 Tuus„
1902 2960 1973 2987 Dia,
1993 2960 2012 2990 Ι,
2035 2966 2093 2991 392.

2207 554 2224 585 5

2211 818 2248 848 10

2210 1080 2245 1112 15

2206 1347 2246 1376 20

2206 2304 2236 2329 35

2204 2512 2239 2535 40

2204 2717 2234 2743 45

2203 2926 2237 2951 50
