2318 3603
185 576 203 589 c.
218 575 248 592 „⁰
258 571 268 588 ⁴1

311 1623 343 1641 10

311 1836 340 1862 15

311 2047 344 2064 ²0

312 2468 345 2493 30

312 2677 343 2702 35

312 2888 346 2911 40

960 229 1271 266 CHRONICON
1299 231 1609 268 MUTINENSE
2026 239 2078 274 [Α,
2101 241 2194 274 1330]

374 303 2194 315 ..........................................................................................................................................................................................................

365 349 492 382 dictum
517 350 711 381 conflictum
735 350 828 382 facta
851 351 915 382 fuit
934 350 1067 383 oblacio
1093 351 1136 383 ad
1159 352 1339 383 ecclesiam
1365 353 1471 384 sancti
1496 353 1639 396 Georgii
1663 354 1803 397 cxlviiij.
1829 355 2056 396 dopleriorum
2081 360 2116 386 et
2139 364 2196 386 ce—

369 412 481 434 torum
506 407 542 433 et
565 401 796 443 dupleriorum
821 409 856 434 et
880 403 1098 435 candelorum
1123 403 1210 435 ultra
1233 409 1421 435 trecentum
1445 415 1584 437 numero
1610 412 1642 437 et
1665 407 1798 438 oblatae
1828 407 1965 438 fuerunt
1988 407 2034 438 ibi
2057 413 2137 438 tunc
2154 406 2198 437 de

367 453 461 486 dicto
480 454 639 486 conflictu
661 455 767 497 xviiij.
787 455 1004 487 banderiae1.
1050 456 1117 487 Die
1140 456 1274 487 veneris
1297 457 1406 498 primo
1430 457 1514 489 iunii
1537 465 1717 500 acceptum
1742 459 1806 490 fuit
1822 459 1970 501 Burgum
1991 459 2109 491 Sancti
2126 459 2196 490 Do-

367 507 440 538 nini
463 506 622 549 gentibus
645 507 825 539 Ecclesiae
849 518 912 549 per
935 509 1012 540 illos
1037 509 1080 540 de
1097 509 1228 540 Rubeis
1244 514 1278 540 et
1293 519 1438 541 comune
1454 510 1598 542 Parmae
1617 511 1781 543 habentes
1808 511 1855 542 ibi
1872 511 2017 543 bastiam
2029 510 2050 542 ².
2096 511 2198 542 Tunc

367 559 461 591 facta
484 559 549 589 fuit
571 569 639 600 pax
662 559 751 590 inter
774 559 896 591 ducem
913 560 1097 592 Karentiae
1110 559 1121 577 ³
1146 567 1179 592 et
1196 561 1370 592 dominum
1386 562 1573 594 Mastinum
1591 569 1623 594 et
1639 563 1816 595 Albertum
1841 563 1930 595 della
1947 562 2067 595 Scala!
2096 563 2197 594 Tunc

367 613 422 644 die
445 612 546 643 lunae
569 611 650 653 xviij
675 611 758 643 iunii
781 613 938 644 dominus
961 613 1143 645 Malatesta
1167 613 1211 645 de
1234 613 1425 646 Malatestis
1449 615 1654 656 Capitaneus
1670 617 1780 658 gentis
1805 616 1982 647 Ecclesiae
2015 626 2091 647 cum
2114 625 2197 658 gen-

367 664 455 696 tibus
481 669 513 695 et
537 663 687 695 exercitu
710 674 771 696 suo
794 672 961 697 venerunt
984 666 1028 697 ad
1061 666 1323 707 spilambertum
1355 667 1400 698 ad
1427 667 1706 709 dapnificandum
1735 669 1781 700 ibi
1814 675 1846 699 et
1870 675 1951 699 tunc
1983 673 2195 700 recesserunt

369 723 401 748 et
425 717 559 748 iverunt
582 716 627 748 ad
650 716 788 748 Voltam
806 717 970 750 Salariam
984 718 995 734 ⁴
1006 730 1014 754 ;
1045 724 1078 750 et
1093 723 1174 750 tunc
1191 719 1319 762 Regini
1344 726 1510 751 venerunt
1525 720 1558 751 in
1575 721 1734 753 auxilium
1758 720 1911 753 Mutinae
1934 730 2011 752 curn
2028 721 2119 752 lm.
2135 720 2197 751 mi-

369 769 481 801 litibus
511 769 649 800 armatis
677 769 732 800 die
757 770 872 802 martis
903 771 1066 812 sequenti.
1113 771 1178 802 Die
1202 771 1309 803 sabati
1341 772 1423 814 xxiij
1458 773 1541 803 iunii
1565 780 1731 805 venerunt
1754 774 1954 806 Parmenses
1977 773 2011 804 in
2035 772 2198 804 auxilium

365 822 498 854 Mutine
526 833 602 853 cum
634 832 706 854 ccc.
738 823 899 855 militibus
930 823 1162 856 bellatoribus.
1210 825 1254 856 Et
1288 830 1368 856 tunc
1400 825 1463 866 ipsi
1487 825 1711 863 Mutinenses,
1739 826 1950 863 Parmenses,
1982 826 2110 868 Regini
2142 826 2197 857 die

370 875 469 919 lunae
492 885 560 906 xxv
582 875 665 906 iunii
688 882 857 907 venerunt
887 876 922 907 in
948 877 1098 908 exercitu
1129 877 1163 908 in
1197 877 1353 909 districtu
1378 878 1553 910 Bononiae
1579 879 1622 910 ad
1653 885 1775 910 terram
1803 878 1969 911 Plumacii
2003 884 2036 909 et
2066 877 2196 920 Bacani

366 933 400 959 et
433 927 644 969 Crespelani‚
676 933 791 969 partes
814 928 892 961 illas
923 929 1164 971 dapnificando
1187 936 1220 962 et
1244 930 1479 962 comburendo
1505 936 1537 962 et
1560 932 1681 963 stando
1704 931 1752 964 ibi
1777 942 1883 974 usque
1917 931 1960 963 ad
1992 931 2081 962 diem
2113 930 2198 962 iovis

365 979 511 1021 proximi
535 980 714 1022 sequentis,
732 991 799 1022 qua
824 981 879 1012 die
902 981 1114 1014 Mutinenses
1145 993 1221 1014 cum
1245 988 1316 1014 toto
1335 983 1489 1014 exercitu
1511 983 1690 1016 redierunt
1712 984 1876 1021 Mutinae,
1894 983 2064 1025 requisitis
2085 983 2197 1025 primo

366 1031 637 1064 Bononiensibus
663 1033 705 1065 de
729 1033 871 1074 praelio,
902 1034 1140 1066 recusantibus
1172 1035 1445 1067 Bononiensibus
1473 1035 1630 1078 accipere
1660 1037 1786 1068 dictum
1810 1036 1935 1068 bellum
1949 1035 1970 1067 ⁵.
2017 1035 2198 1067 Exercitus

457 1184 478 1201 1.
499 1176 633 1210 Gregorii
652 1178 692 1209 A„
713 1179 770 1207 Cr.;
786 1179 872 1208 Mun„
891 1188 959 1204 corr.
979 1179 1113 1213 Georgii:
1128 1190 1141 1204 e
1156 1180 1273 1213 Georgii
1295 1182 1327 1204 ha
1347 1182 1426 1205 anche
1445 1182 1484 1205 M.
1505 1194 1513 1198 -
1534 1189 1567 1213 59
1587 1181 1779 1214 dopleriorum
1797 1184 1825 1206 et
1845 1184 1985 1206 certorum
2005 1180 2196 1213 dopleriorum

367 1222 394 1245 et
408 1221 590 1246 candelorum
604 1221 650 1252 Α.”·,
664 1223 741 1247 MUR.
761 1232 775 1247 e
797 1222 852 1252 Cr.‚
869 1225 978 1249 volendo
991 1233 1163 1257 correggere,
1183 1229 1309 1249 omettorm
1323 1228 1350 1249 et
1365 1228 1502 1250 certorum
1516 1226 1708 1257 dopleriorum
1717 1234 1722 1249 :
1731 1227 1882 1256 preferisco
1894 1226 2001 1258 segut'rc
2014 1226 2086 1249 nella
2098 1232 2197 1249 correz.

367 1265 417 1295 M,
436 1265 459 1289 il
475 1266 519 1290 cui
535 1269 621 1296 passo,
641 1267 734 1291 bench&
753 1268 799 1298 qui
811 1271 878 1298 poco
897 1268 995 1297 chiara,
1014 1269 1135 1293 continua
1155 1278 1171 1293 a
1186 1270 1331 1299 procedere
1344 1271 1482 1300 parallelo
1502 1271 1531 1294 al
1548 1274 1650 1293 nostro:
1670 1270 1764 1294 oblata
1781 1271 1893 1294 fuerunt
1907 1269 2048 1301 cxxxxilij
2069 1267 2198 1301 dupleria

368 1311 395 1334 et
413 1309 485 1334 ciria
504 1312 532 1334 et
550 1310 674 1342 duplerii
701 1313 729 1335 et
752 1312 868 1336 candele
888 1326 920 1329 —
942 1318 964 1343 5.
992 1312 1124 1337 Barentie
1144 1313 1187 1343 A„
1210 1315 1270 1342 Cr.;
1290 1313 1426 1338 Bavariae
1445 1314 1521 1338 MUR.
1543 1327 1575 1331 —
1595 1313 1618 1337 6.
1639 1315 1710 1346 xviij
1732 1314 1819 1346 iunii]
1841 1321 1872 1346 19
1891 1314 1955 1338 iulii
1976 1313 2016 1341 A„
2030 1312 2117 1342 Mun„
2137 1312 2198 1340 Cr.‚·

369 1362 411 1377 ma
430 1354 453 1377 il
469 1361 502 1385 19
521 1355 608 1386 luglio
632 1362 695 1386 1330
714 1356 745 1384 fu
761 1356 875 1388 giovedi
896 1365 909 1380 e
924 1360 976 1387 per
997 1358 1022 1380 le
1040 1358 1103 1381 date
1122 1361 1263 1390 assegnate
1283 1358 1312 1381 ai
1329 1358 1398 1386 fatti
1420 1359 1542 1390 segucnti
1565 1360 1593 1382 la
1618 1362 1715 1382 venata
1734 1359 1779 1382 del
1795 1359 1835 1382 M.
1855 1366 1871 1382 a
1892 1359 1959 1388 spil.
1978 1358 2003 1381 si
2020 1358 2086 1381 deve
2097 1356 2198 1388 fissura

369 1398 399 1421 nl
415 1398 504 1422 lunedi
524 1400 657 1423 anteriore
677 1401 707 1423 al
723 1407 756 1430 23
770 1400 876 1432 giugno
897 1409 910 1424 e
923 1401 1117 1431 precisamente
1137 1403 1166 1426 al
1184 1401 1273 1425 lanea>
1284 1403 1324 1431 18,
1339 1403 1382 1425 che
1396 1403 1409 1425 ὲ
1423 1406 1537 1433 appunto
1548 1404 1627 1426 anche
1640 1404 1667 1426 Ia
1681 1403 1746 1427 data
1759 1406 1915 1426 conservata
1929 1403 1963 1426 da
1978 1402 2017 1425 M.
2031 1414 2064 1418 —
2078 1399 2101 1423 8.
2115 1397 2197 1430 lxxx]

367 1441 419 1465 cosi
432 1450 500 1466 corr.
514 1443 605 1469 Mum:
619 1449 652 1474 27
667 1443 708 1473 Α,
731 1443 790 1471 Cr.;
805 1451 920 1468 numero
933 1447 1099 1477 octuaginta
1118 1446 1243 1469 militum
1256 1448 1428 1470 armatorum
1447 1447 1485 1470 ill.
1501 1460 1532 1464 -
1549 1453 1587 1470 10.
1607 1446 1670 1478 ccc]
1683 1447 1709 1470 iu
1723 1447 1756 1470 A.
1769 1447 1794 1470 si
1805 1448 1838 1470 Ιια
1855 1452 1919 1477 1003
1939 1446 2021 1475 (certo
2034 1446 2069 1469 da
2082 1452 2115 1468 un
2128 1443 2198 1474 orig.

367 1485 437 1518 1110.)
457 1488 500 1511 che
513 1487 527 1510 ὲ
545 1488 692 1518 riprodolto
705 1489 732 1512 in
746 1489 800 1516 Cr.,
816 1497 829 1512 e
847 1490 890 1513 che
904 1489 980 1514 MUR.
995 1498 1062 1514 corr.
1076 1491 1102 1514 in
1116 1496 1181 1515 ccc:
1201 1491 1227 1513 in
1247 1491 1288 1514 M.
1301 1491 1370 1515 siha
1384 1491 1492 1523 insatti:
1514 1499 1576 1515 cum
1595 1497 1646 1515 ccc
1666 1490 1819 1515 millitibus
1839 1504 1870 1508 -—
1894 1497 1932 1522 13.
1952 1490 2091 1514 Mutinam
2110 1488 2198 1517 Mum,

372 1531 415 1554 Cr.
435 1543 467 1548 —-
490 1537 529 1561 14.
550 1531 686 1564 accipere]
707 1531 757 1556 cos)
776 1532 863 1561 Μυκη
884 1533 928 1557 Cr.
949 1542 962 1557 e
982 1534 1035 1562 AJ.;
1056 1534 1176 1567 acapead
1195 1534 1226 1557 A⁴

373 1620 523 1648 “martedL
543 1623 570 1646 la
589 1624 671 1654 gente
689 1623 734 1647 del
754 1624 846 1655 legato
867 1632 880 1648 a
901 1625 980 1656 piede
1000 1627 1027 1648 et
1047 1633 1061 1649 a
1081 1625 1179 1649 cavalo
1199 1624 1258 1650 uscl

375 1665 426 1688 “di
447 1665 583 1696 Bologna,
602 1673 616 1688 e
637 1673 738 1689 venero
757 1666 814 1690 fino
834 1674 865 1690 su
884 1667 947 1698 quel
966 1668 994 1691 di
1018 1667 1142 1692 Modona
1163 1677 1176 1692 a
1196 1668 1260 1693 For-

374 1708 503 1739 “migine
522 1708 573 1731 ben
594 1707 646 1731 600
671 1709 771 1736 cavali.
800 1717 814 1733 e
839 1710 866 1733 la
891 1712 973 1741 gente
999 1711 1031 1734 de
1057 1711 1259 1743 l’imperatore.

373 1749 535 1774 “Todesehi
557 1752 585 1774 et
611 1751 685 1777 altri,
711 1750 815 1775 benche
835 1752 927 1783 pochi,
954 1753 1030 1783 quali
1056 1760 1121 1777 eran
1148 1755 1176 1777 in
1202 1754 1261 1778 Mo·

374 1793 480 1820 “dona,
509 1793 621 1816 usciron
651 1795 748 1817 contra
774 1793 850 1822 loro;
879 1801 902 1824 e,
931 1795 1135 1825 combattendo,
1166 1795 1186 1819 li
1216 1804 1259 1820 ru-

373 1833 464 1865 “pero
483 1835 511 1858 et
530 1835 659 1858 caciaron
680 1836 709 1858 in
737 1835 803 1866 fuga
822 1835 878 1859 fino
907 1836 933 1860 al
953 1836 1044 1867 Borgo
1071 1837 1098 1860 di
1119 1837 1259 1869 Panigolo

374 1876 585 1900 “amazandone
613 1876 704 1907 molti,
735 1877 800 1901 altri
826 1878 996 1908 prendendo,
1025 1886 1038 1902 e
1068 1886 1101 1903 ne
1126 1887 1258 1903 menaron

372 1917 524 1949 “pregioni
550 1918 744 1942 Bertramonio
769 1919 816 1943 dal
835 1919 938 1943 Bausio
964 1922 992 1944 et
1010 1928 1047 1944 un
1074 1928 1123 1945 suo
1146 1924 1259 1952 parente

374 1960 387 1972 “
399 1959 569 1991 [Raimondo
589 1960 633 1984 del
659 1959 758 1992 Balzo]
778 1962 805 1985 et
824 1968 860 1985 un
883 1961 994 1986 fratello
1014 1962 1058 1986 del
1084 1970 1111 1987 re
1127 1961 1258 1987 Roberto.

375 2001 433 2026 “Et
453 2002 473 2025 il
503 1998 533 2026 di
561 2004 699 2033 sequente,
719 2003 769 2026 che
796 2003 824 2027 fu
845 2004 872 2027 a'
892 2010 924 2035 ²5
951 2004 1039 2035 aprile
1064 2012 1101 2028 un
1130 2012 1259 2033 mercore,

375 2044 387 2056 ¹‘
398 2044 425 2068 la
447 2044 516 2067 festa
535 2045 564 2068 di
585 2046 666 2068 santo
692 2044 796 2073 Marco,
817 2053 885 2069 vene
904 2045 932 2069 la
952 2053 1024 2070 nova
1045 2047 1074 2070 in
1093 2046 1200 2076 Parma,
1227 2049 1260 2071 de

375 2085 426 2109 “la
455 2086 535 2117 quale
556 2087 585 2110 fu
613 2093 682 2117 gran
711 2087 875 2118 gaudia...
913 2086 961 2111 Gli
988 2088 1103 2119 preditti
1131 2090 1258 2120 pregioni

375 2127 443 2151 “del
464 2135 536 2152 mese
555 2129 582 2152 di
598 2129 699 2159 magio,
721 2130 775 2152 tuti
797 2136 820 2160 3,
835 2129 1030 2153 Bertramonio
1050 2130 1083 2154 de
1102 2130 1213 2160 Bausio,
1239 2131 1259 2154 il

375 2170 387 2181 ‘¹
399 2172 512 2200 parente
541 2172 567 2193 et
597 2171 617 2194 il
648 2171 760 2194 fratello
790 2171 833 2195 del
863 2179 891 2195 re
918 2170 1050 2202 Roberto,
1083 2173 1165 2196 furon
1198 2180 1260 2196 con-

375 2211 472 2235 “dotti
493 2213 565 2242 presi
588 2213 615 2235 in
636 2211 735 2236 Parma
755 2213 783 2236 in
806 2213 893 2237 forcia
921 2213 949 2236 di
975 2213 1104 2238 Marsilio
1123 2212 1213 2238 Rosso
1233 2217 1259 2238 et

376 2253 491 2277 “Pietro
512 2254 611 2277 vicarii
631 2254 664 2277 de
684 2254 943 2286 l’imperadore;...
964 2263 978 2279 e
991 2263 1134 2287 pagarono
1148 2257 1176 2280 di
1191 2256 1259 2280 talia

375 2295 447 2327 “per
465 2295 573 2319 haverli
595 2296 614 2318 il
636 2298 733 2320 nostro
753 2303 869 2321 comune
889 2296 958 2321 Sooo
976 2297 1069 2321 fiorini
1095 2299 1188 2323 d’oro:
1200 2317 1205 2322 .
1218 2317 1222 2321 .
1236 2317 1240 2321 .
1253 2317 1258 2321 .

375 2336 387 2348 ‘⁴
399 2344 413 2359 e
433 2338 530 2367 questo
546 2337 574 2360 fu
595 2337 666 2360 fatto
686 2336 785 2368 perche
803 2345 944 2369 pensavan
959 2339 986 2363 di
1002 2339 1135 2363 redimere
1148 2341 1175 2363 et
1188 2347 1260 2363 recu·

375 2378 494 2409 “perare
514 2385 566 2401 con
586 2379 672 2409 quelli
692 2387 740 2410 per
759 2380 868 2404 cambio
881 2380 1012 2405 Rolando
1031 2379 1129 2409 Rosso,
1143 2382 1206 2413 qual
1221 2384 1259 2405 te—

376 2420 389 2432 “
401 2427 451 2443 nea
462 2427 542 2451 preso
555 2420 574 2443 il
586 2420 679 2452 legato
694 2422 722 2444 in
738 2421 864 2452 Bologna
875 2440 898 2452 „.
931 2421 953 2445 11
969 2422 1041 2446 fatto
1054 2423 1082 2446 di
1097 2422 1260 2454 Formigine

373 2460 388 2485 ὲ
407 2465 520 2486 narrato
540 2463 626 2486 anche
652 2464 686 2487 da
706 2462 739 2487 G.
760 2464 896 2492 V1LLAN1,
922 2466 975 2495 Cr.‚
995 2465 1029 2495 X,
1052 2471 1107 2496 152,
1134 2466 1154 2489 il
1180 2466 1260 2497 quale

374 2505 397 2527 ci
419 2500 451 2527 da
474 2503 494 2527 il
516 2511 596 2528 nome
616 2505 643 2528 di
667 2505 792 2529 “messer
811 2504 952 2530 Galeazzo
974 2507 1085 2530 fratello
1106 2507 1150 2531 del
1171 2515 1199 2531 re
1208 2506 1261 2531 Ro-

377 2546 389 2557 ⁵‘
400 2545 487 2573 berto,
500 2545 631 2569 bastardo
643 2564 655 2575 „
667 2556 672 2573 ;
688 2554 769 2571 nome
780 2548 845 2571 dato
860 2548 946 2572 anche
960 2549 989 2572 in
1004 2547 1162 2575 Gaui-om.
1174 2550 1260 2578 Mem,

374 2594 399 2617 p.
421 2585 462 2618 38,
482 2587 499 2610 l.
520 2591 561 2617 45,
582 2588 656 2611 nella
677 2589 766 2612 forma
786 2590 813 2613 di
837 2590 991 2614 “dominus
1011 2589 1162 2614 Gabiassus
1173 2609 1196 2621 „.
1217 2599 1260 2615 ma

375 2635 455 2652 nome
475 2629 598 2652 distante
617 2630 651 2653 da
670 2630 763 2661 quello
783 2632 827 2655 del
850 2633 861 2644 ⁴⁴
876 2632 960 2656 frater
980 2633 1052 2663 regis
1073 2632 1188 2656 Roberti
1202 2650 1226 2661 „.

462 2668 622 2694 ¹L’0fferta
651 2671 693 2695 dei
721 2674 775 2695 ceri
806 2680 819 2696 e
839 2673 882 2697 dei
913 2673 1019 2697 vessilli
1049 2674 1078 2697 fu
1110 2674 1180 2698 fatta
1207 2674 1261 2698 alla

375 2711 466 2735 chiesa
486 2712 514 2734 di
535 2718 583 2735 san
604 2710 732 2744 Giorgio,
753 2713 851 2745 perche
872 2715 945 2739 nella
967 2717 1036 2739 festa
1055 2716 1083 2739 di
1105 2716 1160 2739 tale
1180 2719 1261 2740 santo

376 2754 396 2775 si
419 2760 464 2776 era
484 2755 613 2777 ottenuta
632 2753 658 2777 la
681 2756 804 2779 vittoria.
1138 2774 1143 2779 ι

460 2793 471 2809 ²
491 2794 552 2818 Una
572 2795 656 2827 lunga
677 2799 842 2821 narrazione
861 2799 888 2822 di
909 2801 1006 2829 questo
1021 2799 1092 2823 fatto
1106 2797 1120 2823 ὲ
1141 2799 1185 2822 nel
1202 2801 1260 2822 Chr.

374 2840 473 2865 parm,
493 2837 561 2860 ediz‘
582 2838 638 2865 cit„
659 2845 684 2869 p.
705 2837 763 2865 206.
783 2839 801 2862 l.
822 2846 894 2871 25—p.
917 2846 975 2872 ²07·
996 2840 1013 2864 1.
1034 2847 1074 2864 22.

462 2875 473 2892 ³
494 2878 597 2902 Enrico
617 2879 641 2901 V
660 2880 728 2903 duca
749 2881 776 2904 di
799 2880 929 2905 Carinzia
949 2880 1130 2914 (1295-1335).

463 2918 475 2934 ⁴
495 2920 537 2943 Da
557 2920 752 2951 Spilamberto.
767 2922 838 2946 sulla
859 2924 973 2947 sinistra
987 2923 1031 2947 del
1045 2923 1162 2949 Panaro.
1176 2924 1259 2948 disce—

377 2968 436 2985 sero
456 2961 482 2985 le
501 2961 608 2986 milizie
624 2963 837 2992 ecclesiastis-he,
853 2966 1054 2996 costeggiando
1069 2965 1088 2988 il
1103 2965 1183 2989 fiume
1197 2967 1259 2989 sino

1314 1627 1369 1651 alla
1388 1627 1474 1651 Volta
1493 1627 1608 1652 Salaria.
1630 1636 1646 1651 o
1666 1628 1772 1656 Salara,
1792 1629 1834 1651 tra
1854 1627 2007 1658 Bomporto
2026 1634 2040 1650 e
2059 1626 2203 1650 Ravarino

1313 1670 1358 1702 (cf.
1374 1669 1486 1694 TIRAB..
1506 1670 1578 1699 Dim,
1596 1670 1630 1697 Π,
1655 1669 1721 1702 177).
1760 1670 1799 1694 La
1823 1670 1985 1701 spedizione
1999 1669 2042 1693 dei
2057 1669 2199 1692 Modenesi

1315 1712 1387 1735 nelle
1407 1713 1478 1735 terre
1499 1719 1513 1735 a
1533 1713 1641 1735 oriente
1661 1712 1734 1736 della
1762 1712 1856 1736 Muzza
1881 1710 1896 1736 'e
1926 1713 2022 1742 ignota
2043 1711 2097 1735 alle
2116 1711 2199 1734 .fonti

1314 1754 1469 1786 bolognesi.
1490 1753 1556 1785 pero
1577 1756 1672 1786 spiega
1692 1755 1718 1778 la
1739 1755 1936 1778 sollecitudine
1962 1761 2014 1778 con
2034 1754 2062 1777 la
2080 1753 2160 1785 quale
2181 1753 2200 1777 il

1314 1797 1385 1820 card.
1406 1797 1560 1820 Bertrando
1580 1795 1667 1828 penso
1687 1797 1742 1820 alla
1761 1797 1858 1820 difesa.
1897 1796 1965 1820 Sino
1985 1796 2030 1820 dal
2045 1802 2079 1827 24
2091 1795 2202 1819 ottobre

1317 1845 1382 1871 1329
1401 1846 1485 1862 erano
1506 1840 1571 1862 stati
1587 1839 1689 1869 spediti
1710 1839 1848 1863 materiali
1863 1839 1890 1862 di
1906 1839 1995 1862 difesa
2010 1839 2034 1862 ai
2050 1837 2157 1861 castelli
2173 1837 2200 1861 di

1314 1880 1428 1907 confine,
1444 1879 1645 1906 Castelfranco.
1657 1881 1813 1908 Piumazzo.
1828 1880 2022 1911 Monteveglio
2035 1887 2048 1903 e
2058 1880 2202 1906 Bazzano:

1314 1922 1332 1945 il
1355 1921 1388 1945 26
1407 1922 1482 1946 dello
1502 1924 1590 1946 stesso
1619 1930 1690 1946 mese
1710 1923 1820 1946 inviato
1841 1921 1954 1946 Gurone
1980 1922 2014 1945 da
2038 1920 2102 1944 Sala
2124 1921 2203 1944 “una

1315 1965 1327 1976 “
1339 1965 1455 1988 domino
1475 1965 1644 1996 Aymericho
1658 1965 1690 1988 de
1704 1965 1850 1988 Nohalcho
1863 1983 1874 1992 ,,
1897 1972 1911 1988 3
1926 1965 1983 1988 sare
1994 1971 2049 1987 una
2064 1964 2203 1994 ispezione

1314 2007 1357 2030 dei
1379 2006 1490 2035 confini,
1514 2006 1633 2030 “versus
1653 2009 1745 2038 partes
1763 2005 1931 2030 Lombardie
1951 2006 1983 2030 ad
2006 2006 2157 2029 videndum
2176 2006 2203 2028 et

1315 2048 1327 2059 ‘⁴
1339 2048 1555 2071 examinandum
1571 2049 1679 2072 foveam
1693 2048 1784 2072 Mucie
1796 2056 1826 2077 „3
1841 2048 1859 2071 il
1875 2055 1909 2079 30
1924 2048 1952 2071 su
1966 2048 2096 2071 ordinata
2116 2047 2142 2071 la
2162 2053 2203 2070 co-

1313 2090 1456 2112 struzione
1475 2090 1503 2113 di
1524 2097 1579 2113 una
1598 2090 1697 2114 bastia.
1717 2090 1765 2113 che
1785 2087 1870 2113 riuscl
1885 2091 1931 2120 poi
1946 2096 1983 2112 un
1999 2096 2064 2112 vero
2078 2088 2202 2115 castello,

1314 2138 1327 2154 a
1339 2130 1499 2154 Secchiano.
1509 2139 1556 2154 ora
1567 2131 1667 2155 Stiano
1679 2132 1723 2155 nel
1735 2139 1816 2162 passo
1827 2133 1870 2154 tra
1880 2130 2036 2155 Serravalle
2047 2138 2060 2154 e
2073 2129 2202 2161 Guiglia;

1314 2181 1327 2196 e
1342 2172 1413 2196 sulla
1428 2172 1527 2196 Muzza
1542 2174 1562 2196 si
1580 2171 1752 2196 incomincio
1767 2173 1793 2196 13
1807 2174 1982 2196 costruzione
1992 2172 2019 2196 di
2032 2173 2144 2203 quattro
2156 2172 2202 2195 ba-

1313 2214 1420 2243 tifredi,
1437 2216 1447 2226 ‘⁴
1461 2222 1511 2245 pro
1525 2215 1688 2238 defensione
1702 2214 1860 2238 Comitatus
1870 2233 1881 2242 ,,
1898 2222 1912 2238 3
1926 2215 2068 2241 Bazzano;
2082 2213 2203 2237 un'altra

1316 2257 1457 2287 ispezione
1479 2258 1503 2279 ai
1524 2257 1632 2280 castelli
1653 2264 1667 2280 e
1688 2257 1712 2280 ai
1734 2258 1807 2287 passi
1829 2257 1872 2280 del
1893 2255 2000 2279 confine
2014 2256 2159 2279 modenese
2173 2255 2203 2278 fu

1314 2305 1464 2322 commessa
1484 2298 1503 2321 il
1523 2297 1552 2321 18
1568 2299 1716 2322 novembre
1738 2300 1749 2310 ⁴⁴
1762 2299 1877 2322 domino
1898 2298 2076 2322 Beltramono
2090 2298 2122 2321 de
2136 2297 2204 2321 Bau.

1316 2342 1382 2364 “tio
1410 2342 1557 2372 capitaneo
1585 2341 1743 2371 generali„‚
1764 2341 1789 2364 al
1809 2341 1890 2372 quale
1915 2348 1930 2364 a
1956 2340 1995 2364 tal
2020 2339 2073 2363 fine
2101 2340 2203 2363 furono

1314 2383 1371 2405 dati
1393 2390 1407 2406 a
1427 2384 1575 2413 compagni
1595 2390 1609 2406 e
1635 2383 1792 2406 consulenti
1822 2385 1884 2405 otto
1909 2383 1951 2405 dei
1973 2381 2124 2413 principali
2151 2382 2203 2404 cit-

1314 2424 1403 2447 tadini
1425 2423 1468 2454 (R.
1490 2424 1580 2448 Auen.
1602 2430 1631 2447 m
1651 2424 1696 2448 ST.
1717 2431 1746 2448 m
1767 2425 1842 2453 Bon,
1864 2424 1946 2447 Liber
1954 2423 2135 2454 provisionum
2157 2423 2201 2446 del

1314 2466 1385 2489 rard.
1406 2466 1568 2495 Bertrando,
1589 2468 1703 2496 segnato
1725 2464 1764 2489 n.⁰
1785 2464 1818 2496 2).
1851 2465 1917 2488 Alia
1937 2465 2056 2488 secunda
2076 2464 2133 2487 fase
2157 2463 2202 2487 del

1316 2508 1387 2531 fatto
1407 2515 1526 2531 accenna
1546 2508 1720 2531 brevemente
1741 2508 1760 2530 il
1778 2508 1846 2535 ΟΜ,
1861 2511 1949 2537 parm.
1964 2514 1989 2537 p.
2010 2511 2068 2537 207,
2082 2504 2116 2537 38
2130 2512 2202 2536 sgg.=

1317 2552 1328 2560 ⁶*
1341 2549 1373 2572 de
1388 2556 1479 2572 mense
1495 2550 1566 2572 iunii
1587 2549 1693 2572 milites
1713 2549 1835 2575 ecclesie,
1855 2550 1900 2579 qui
1922 2550 2001 2571 erant
2020 2548 2156 2573 Bononie.
2175 2548 2202 2570 et

1317 2590 1328 2601 ‘⁸
1341 2590 1448 2621 pedites
1463 2591 1490 2613 in
1507 2591 1627 2614 maxima
1647 2591 1804 2621 quantitate
1823 2589 1948 2613 ostiliter
1967 2590 2103 2612 venerunt
2122 2595 2203 2619 super

1316 2632 1479 2656 “Mutinam
1510 2634 1541 2655 ad
1567 2633 1761 2664 guastandum,
1781 2634 1808 2655 et
1839 2632 1949 2655 fuerunt
1969 2633 2035 2654 tunc
2055 2638 2140 2661 usque
2169 2630 2201 2653 ad

1316 2672 1426 2696 “teram
1446 2673 1609 2697 Nonantule
1629 2675 1655 2696 et
1675 2674 1811 2696 steterunt
1832 2673 1869 2695 ibi
1891 2680 1938 2704 per
1964 2672 2058 2702 plures
2077 2671 2150 2701 dies}
2176 2672 2203 2694 et

1316 2719 1327 2726 ⁴⁴
1341 2718 1406 2738 tunc
1428 2715 1525 2738 Petrus
1539 2715 1650 2738 Rubeus
1665 2722 1725 2738 cum
1747 2714 1865 2738 soldatis
1883 2714 2032 2744 equitibus,
2047 2712 2202 2737 Todeschis

1317 2759 1328 2768 ‘⁴
1341 2758 1368 2779 et
1389 2757 1461 2780 aliis.
1473 2760 1500 2780 et
1514 2757 1596 2780 multi
1611 2757 1643 2780 de
1658 2756 1756 2779 Parma
1770 2763 1831 2779 cum
1849 2763 1882 2778 eo
1897 2757 2008 2779 iverunt
2021 2756 2049 2778 in
2065 2755 2202 2779 auxilium

1317 2800 1328 2810 ‘¹
1342 2799 1554 2826 Mutinensium,
1565 2802 1591 2822 et
1602 2800 1798 2829 equitaverunt
1809 2798 1924 2828 desuper
1939 2798 2098 2821 districtum
2111 2796 2202 2819 Bono-

1318 2842 1328 2851 “
1343 2842 1396 2869 nie,
1417 2841 1462 2864 sed
1483 2847 1511 2864 se
1531 2841 1691 2868 noluerunt·
1709 2840 1785 2863 ambe
1811 2842 1903 2870 partes
1924 2840 2050 2862 invenire
2063 2857 2084 2868 ,,.

1403 2881 1414 2897 5
1435 2883 1512 2913 Sugli
1534 2883 1602 2905 aiuti
1625 2883 1652 2905 di
1672 2882 1780 2913 Reggio
1800 2882 1834 2904 cf.
1858 2880 1988 2910 GA2ATA,
2017 2883 2044 2904 in
2072 2882 2136 2905 RR.
2166 2882 2202 2904 IL

1315 2925 1373 2950 531,
1388 2923 1486 2949 XVIII.
1498 2925 1562 2947 coll.
1577 2929 1668 2955 41-42;
1683 2931 1730 2955 per
1754 2923 1839 2954 quelli
1861 2924 1887 2946 di
1909 2923 2007 2946 Parma
2030 2924 2089 2947 Chr.
2104 2927 2202 2953 parm..

1314 2974 1338 2997 p.
1361 2973 1418 3000 207,
1442 2967 1469 2990 11.
1490 2966 1578 2998 38-42,
1601 2967 1620 2989 il
1642 2967 1722 2998 quale
1742 2967 1802 2989 dice
1816 2967 1864 2990 che
1880 2968 1886 2989 i
1903 2967 1954 2991 due
1969 2967 2076 2990 esen-citi
2093 2967 2202 2994 nemici,

2225 825 2262 856 10

2229 1713 2260 1738 45

2231 1921 2265 1947 50

2230 2130 2262 2156 55

2231 2760 2265 2786 70
