2318 3603
159 601 177 614 c,
193 601 219 617 μ
234 603 246 612 ιι

283 1706 314 1722 10

278 2759 310 2784 35

280 2970 314 2994 40

939 252 1251 287 CHRONICON
1280 252 1589 289 MUTINENSE
2013 259 2064 293 [Α.
2086 261 2179 292 1³25]

347 325 2175 336 .......................................................................................................................................................................................................

341 375 490 406 nimento
515 380 548 406 et
575 385 653 406 cum
677 374 817 406 domino
841 374 936 407 Cane
962 375 1004 406 de
1029 374 1062 406 la
1087 374 1190 406 Scala
1213 380 1246 405 et
1277 374 1460 417 Raynaldo
1492 373 1697 407 Marchione
1729 374 1853 406 estensi
1887 381 1920 406 et
1942 381 2020 417 post
2050 385 2179 416 paucos

344 427 417 459 dies
441 426 598 458 dominus
620 427 723 458 Canis
746 437 902 458 reversus
920 433 969 458 est
986 427 1158 458 Veronam
1183 433 1215 458 et
1239 426 1399 458 Vicarius
1416 427 1645 467 Imperatoris,
1663 427 1720 469 qui
1737 433 1809 458 erat
1826 437 1903 459 cum
1922 437 1962 459 eo
1972 427 1992 464 ¹,
2010 433 2043 458 et
2058 433 2179 469 postea

342 479 435 510 venit
458 479 613 510 Mutinae
638 479 793 510 dominus
816 478 890 521 Aco
915 480 958 510 de
981 478 1174 516 vescontis,
1201 478 1244 510 de
1268 478 1406 515 Tuscia,
1432 488 1508 510 cum
1532 489 1655 521 magna
1679 485 1784 521 gente
1808 479 1839 510 in
1866 479 2028 511 auxilium
2052 478 2179 511 domini

341 531 545 563 Passarini'.

428 584 593 616 Dominus
617 583 809 616 Tarabotus
832 585 1028 626 praedictus
1052 584 1205 616 Potestas
1228 583 1384 615 Mutinae
1408 583 1442 615 in
1466 584 1539 616 aliis
1561 595 1621 615 sex
1648 584 1820 616 mensibus
1851 584 1885 615 in
1916 584 2099 616 M.cccxxv
2129 584 2179 616 in-

342 639 434 679 cepit
458 637 513 669 die
535 636 617 679 xxiij
643 637 780 677 [mensis
804 638 948 680 augusti]
962 636 984 668 ³.
1030 637 1129 669 Tunc
1155 643 1336 678 acceptum
1360 636 1425 668 fuit
1448 643 1594 669 castrum
1612 637 1740 668 Montis
1756 636 1861 668 Vellii
1878 637 2050 669 districtus
2066 637 2181 670 Bono-

341 691 417 721 niae
440 700 500 732 per
522 696 641 733 gentes
666 689 812 721 civitatis
836 689 990 721 Mutinae
1017 690 1071 721 die
1096 689 1270 720 dominico
1295 689 1351 720 die
1368 689 1488 731 xxviiij
1505 689 1706 730 septembris
1720 689 1740 721 ⁴.
1787 689 1888 720 Tunc
1915 689 2094 720 conflictus
2117 688 2181 720 fuit

342 744 510 774 exercitus
533 742 679 774 civitatis
703 742 874 774 Florentie
899 753 962 783 per
977 742 1213 774 Castruccium
1230 741 1273 773 de
1291 741 1519 773 interminelis
1536 742 1709 773 dominum
1727 742 1873 773 civitatis
1889 741 2030 773 Luchae
2048 741 2105 783 [et]
2122 751 2183 783 per

341 795 516 827 dominum
540 794 697 837 Aeonem
723 795 766 826 de
790 794 974 826 Vescontis
999 795 1041 826 de
1067 794 1280 832 Mediolano,
1305 795 1364 836 qui
1387 794 1424 825 in
1449 793 1522 825 eius
1545 794 1670 826 auxilio
1694 804 1771 825 cum
1796 794 2002 836 octingentis
2018 792 2181 826 militibus

342 849 459 887 iverat,
484 848 539 879 die
565 848 665 879 lunae
688 847 808 879 ultimo
833 847 1050 889 septembris3
1077 853 1109 878 et
1132 847 1180 878 ibi
1205 853 1325 889 captus
1349 847 1415 878 fuit
1439 847 1596 878 dominus
1618 847 1845 890 Raymundus
1870 847 1914 879 de
1937 847 2099 879 Cardona
2123 856 2180 878 ca-

339 901 496 943 pitaneus
519 901 620 932 totius
644 900 816 932 exercitus
840 900 1113 932 Florentinorum
1130 906 1164 932 et
1180 900 1275 931 multi
1292 899 1424 931 nobiles
1448 899 1490 931 de
1509 899 1685 932 Florentia
1709 907 1742 931 et
1766 901 1810 932 de
1834 899 1982 931 Francia
2007 906 2040 931 et
2063 899 2181 932 Theu-

342 954 447 986 tonici
472 960 505 985 et
530 954 573 986 de
597 953 724 985 Tuscia
747 953 853 995 partis
877 953 1023 985 Ghelfae
1050 959 1083 985 et
1107 953 1163 985 alii
1187 954 1371 995 populares
1394 952 1481 984 ultra
1505 953 1573 985 duo
1597 953 1701 990 milia,
1718 953 1808 984 inter
1823 963 1908 995 quos
1932 952 2071 985 fuerunt
2093 952 2182 984 bene

342 1013 478 1039 centum
502 1006 635 1038 nobiles
659 1012 694 1038 et
716 1006 820 1043 ultra3
844 1006 967 1038 mortui
991 1007 1130 1038 fuerunt
1152 1006 1240 1037 ultra
1272 1006 1336 1037 tria
1368 1005 1477 1042 milia;
1504 1012 1538 1037 et
1569 1006 1748 1047 praedicta
1772 1006 1912 1037 fuerunt
1935 1005 1970 1036 in
1996 1006 2070 1038 loco
2103 1004 2182 1037 Mu-

340 1060 443 1103 gnani
466 1060 501 1091 in
526 1058 692 1091 Cerbaria
708 1059 795 1090 ultra
809 1058 1064 1101 Altumpassum
1083 1065 1116 1091 et
1149 1059 1232 1090 citra
1264 1058 1472 1090 Gusciauam
1485 1058 1506 1089 ⁵.
1552 1058 1653 1090 Dicto
1677 1065 1831 1100 tempore
1861 1070 1907 1090 xv
1930 1057 2125 1090 novembris
2147 1057 2184 1090 in

339 1112 490 1154 vesperis
512 1111 740 1154 paschalibus,
759 1112 793 1142 in
812 1112 888 1143 loco
912 1112 969 1154 qui
995 1111 1118 1143 dicitur
1135 1111 1321 1155 (papolinus
1345 1111 1521 1142 districtus
1543 1111 1729 1149 Bononiae,
1761 1111 1900 1143 fuerunt
1929 1110 2085 1143 sconficti
2115 1110 2183 1143 Bo-

340 1165 520 1197 nonienses
542 1175 603 1207 per
627 1165 801 1196 dominum
826 1164 1041 1196 Passarinum
1071 1164 1245 1196 dominum
1268 1163 1424 1195 Mutinae
1458 1170 1491 1195 et
1523 1163 1628 1195 filium
1661 1163 1731 1196 eius
1755 1170 1789 1196 et
1819 1163 1984 1205 populum
2014 1163 2182 1201 Mutinae,

429 1294 452 1311 1.
470 1287 627 1311 Riainaldo
647 1287 679 1310 A.
701 1299 733 1303 -
754 1290 778 1316 5.
798 1285 954 1310 Farabotus
970 1286 1011 1315 A.‚
1026 1285 1114 1315 Mun„
1135 1285 1180 1310 Cr.
1200 1297 1233 1302 —
1252 1292 1306 1317 4-5.
1321 1286 1464 1317 incoeptis
1484 1285 1531 1309 die
1557 1291 1588 1316 ²3
1610 1285 1723 1317 augusti
1742 1284 1829 1314 Mun„
1850 1284 1896 1309 Cr.
1915 1296 1948 1301 -
1968 1283 1993 1309 6.
2012 1284 2104 1309 Demi
2119 1285 2184 1313 Con:

339 1332 423 1356 Bellii
444 1331 522 1357 Mun.
543 1344 574 1348 —
594 1330 619 1355 8.
639 1329 846 1362 Castruccium]
872 1329 922 1354 cosi
943 1331 1030 1359 Mun„
1051 1330 1112 1359 Cr.;
1139 1328 1341 1354 Castracucum
1360 1330 1394 1353 Α.
1415 1342 1423 1347 -
1443 1329 1650 1354 Interminellis
1669 1331 1696 1354 et
1710 1329 1856 1353 dominum
1877 1329 1919 1357 A„
1939 1329 2024 1357 Mun..
2047 1330 2092 1354 Cr.
2105 1340 2116 1351 η
2129 1328 2183 1356 Lu-

341 1376 408 1400 chae
430 1383 478 1409 per
490 1376 532 1404 A„
548 1376 609 1404 Cr.;
629 1374 740 1399 Luchae
759 1377 786 1398 et
805 1382 854 1406 per
874 1375 950 1399 Mun.
966 1387 997 1391 -—
1020 1381 1061 1398 ιο.
1083 1373 1216 1398 Gardana
1235 1374 1268 1397 A.
1283 1386 1314 1390 —
1333 1381 1372 1405 14.
1393 1372 1531 1397 Galenam
1545 1374 1588 1403 A,
1604 1374 1662 1403 Cr.3
1685 1371 1831 1397 Galeriam
1846 1373 1938 1401 Μυκη
1953 1381 1995 1397 ma
2009 1373 2022 1396 ὲ
2035 1373 2125 1396 chiara
2139 1373 2182 1396 che

339 1421 365 1444 si
383 1424 469 1445 tratta
495 1420 525 1443 di
548 1420 679 1444 Gusciana
701 1419 739 1450 (v.
759 1423 819 1443 nota
838 1418 880 1449 5).

343 1493 441 1523 questa
460 1492 529 1515 deve
548 1498 635 1514 essere
650 1490 677 1514 la
691 1490 833 1514 cavalcata
848 1491 891 1513 cui
906 1491 953 1521 qui
968 1497 1090 1514 accenna
1104 1489 1125 1513 il
1140 1491 1237 1513 nostro

344 1535 477 1558 cronista.
497 1533 550 1557 Poi
564 1540 598 1556 ne
612 1533 702 1557 fecero
713 1532 843 1560 un’altra,
855 1540 869 1556 e
880 1531 999 1556 durante
1009 1533 1106 1563 questa
1118 1531 1237 1555 seconda

344 1577 352 1599 i
373 1575 525 1607 Bolognesi
547 1575 780 1606 danneggiarono
801 1574 874 1598 nella
888 1574 1007 1606 pianura
1021 1573 1237 1597 settentrionale

344 1618 369 1642 le
383 1619 455 1641 terre
469 1617 497 1640 di
511 1617 657 1644 Albareto,
672 1615 801 1643 Sorbara,
817 1615 937 1643 Soliera,
951 1615 1120 1647 Roncaglia,
1135 1615 1234 1638 Limiti

342 1668 356 1685 e
370 1659 559 1687 Quarantoli:
573 1659 743 1683 distrussero
758 1659 786 1683 la
799 1660 876 1682 torre
890 1659 939 1682 che
953 1658 1104 1682 difendeva
1115 1658 1136 1681 il
1150 1660 1236 1690 ponte

342 1701 387 1725 del
408 1700 558 1725 Navicello
578 1707 593 1724 e
612 1700 704 1724 fecero
719 1700 764 1724 nel
784 1700 895 1724 Panaro
916 1707 953 1723 un
968 1699 1059 1731 taglio
1078 1698 1136 1722 alla
1149 1698 1236 1722 Volta

341 1742 450 1767 Salaria
470 1749 519 1775 per
538 1742 679 1766 inondare
699 1742 724 1765 le
745 1744 816 1765 terre
837 1741 1014 1766 sottostanti.

430 1783 438 1799 ¹
459 1784 513 1809 Chi
536 1784 610 1808 fosse
628 1786 727 1815 questo
749 1784 858 1808 vicario
880 1783 1026 1815 imperiale
1051 1784 1157 1806 venuto
1183 1789 1235 1806 con

344 1827 514 1860 Cangrande
534 1826 609 1851 della
637 1825 718 1850 Scala
739 1826 782 1850 sul
809 1826 960 1850 Modenese
981 1833 1037 1849 non
1057 1824 1071 1849 ὲ
1097 1825 1175 1849 detto
1201 1825 1236 1848 da

343 1870 415 1894 altre
435 1870 519 1894 sonti.

429 1910 440 1926 ²
459 1912 482 1936 Il
503 1911 663 1938 Bonaeolsi,
683 1918 731 1942 per
751 1912 878 1935 resistere
898 1911 954 1942 agli
975 1910 1096 1934 attacchi
1117 1910 1161 1933 dei
1185 1909 1236 1933 130-

341 1955 459 1987 lognesi,
480 1954 570 1978 chiese
590 1961 604 1977 e
623 1954 739 1977 ottenne
759 1953 798 1984 gli
821 1954 891 1976 aiuti
906 1952 980 1984 degli
1001 1951 1145 1983 Scaligeri.
1160 1951 1233 1982 degli

341 1997 452 2021 Estensi
473 2004 487 2020 e
507 1997 551 2020 dei
572 1995 719 2020 visconti:
747 2002 795 2026 per
824 1996 913 2026 questi
935 1994 1028 2018 ultimi
1051 2001 1140 2017 venne
1159 1993 1235 2017 dalla

342 2040 477 2066 Toscana.
499 2039 570 2062 dove
591 2045 677 2061 aveva
698 2038 874 2061 combattuto
895 2045 908 2060 e
923 2037 1003 2060 vinto
1018 2036 1050 2060 ad
1065 2035 1234 2066 Altopascio

342 2083 441 2105 contro
455 2081 462 2104 i
478 2079 578 2110 Guelfi,
591 2080 671 2103 Azzo
685 2079 815 2102 Visconti
830 2078 876 2108 (cf.
891 2078 1052 2109 lst.pistor.‚
1063 2078 1130 2100 ediz.
1142 2076 1234 2104 Barffi,

282 2128 291 2145 :
342 2123 371 2146 in
388 2123 452 2147 RR.
470 2123 507 2146 Il.
523 2121 581 2151 SS,
598 2128 620 2148 2.
635 2121 681 2149 XI,
696 2128 721 2153 p.
735 2121 769 2147 V.
784 2128 829 2152 pp.
844 2119 946 2152 95-96).
983 2120 995 2143 1
1009 2119 1159 2150 Bolognesi
1174 2125 1235 2149 pro-

341 2165 474 2189 fittarono
494 2164 539 2188 del
560 2165 701 2187 momento
721 2164 749 2187 di
771 2165 855 2193 sosta,
874 2163 907 2186 da
923 2164 1001 2193 parte
1014 2161 1059 2185 del
1073 2161 1234 2189 Bonaeolsi,

342 2215 390 2239 per
410 2213 556 2238 preparare
576 2206 603 2229 la
624 2206 785 2233 resistenza,
812 2212 825 2228 e
847 2205 936 2229 fecero
963 2203 1055 2228 l’altra
1081 2203 1234 2232 cavalcata,

340 2246 388 2281 gia
403 2250 555 2273 accennata
570 2248 612 2272 sul
624 2247 704 2271 basso
718 2246 883 2271 Modenese:
899 2245 912 2258 ‘¹‘
923 2245 1032 2270 Sabado
1047 2242 1075 2268 di
1088 2246 1151 2277 xiiij
1164 2242 1233 2274 (cosi

342 2291 363 2315 il
373 2290 481 2314 Villola
497 2291 525 2313 in
543 2291 620 2320 Corp.
634 2290 687 2313 chr.
703 2290 777 2316 Bon..
791 2289 863 2312 ediz.
878 2288 934 2316 cit,
948 2287 981 2316 ΙΙ,
995 2285 1058 2319 366)
1075 2286 1088 2299 ‘¹
1100 2284 1233 2310 chavalco

282 2341 292 2349 ”
343 2332 356 2345 “
368 2334 428 2357 tuta
448 2333 475 2356 ia
496 2331 647 2355 cavallaria
662 2339 675 2355 e
690 2331 737 2355 dui
752 2331 779 2354 di
795 2331 902 2362 quartei
917 2329 961 2354 del
976 2329 1081 2360 povolo
1096 2329 1128 2352 de
1142 2328 1233 2351 Bono-

343 2375 424 2402 “nia,
444 2373 494 2398 zoe
514 2375 595 2405 porta
615 2373 686 2397 Steti
708 2381 721 2396 e
741 2375 822 2404 porta
841 2372 895 2396 San
915 2371 1059 2404 Progollo.
1074 2370 1116 2395 sul
1137 2372 1234 2394 tereno

343 2418 356 2431 ⁴‘
367 2417 408 2444 de'
422 2416 569 2441 Modenixi
585 2416 631 2440 dal
643 2416 710 2440 lado
724 2416 756 2439 de
772 2418 841 2443 sota,
855 2422 869 2439 e
880 2413 902 2438 11
915 2422 943 2439 se
956 2415 1028 2438 deno
1040 2421 1109 2445 gran
1124 2414 1233 2440 danno;

343 2459 381 2482 “e
401 2458 440 2481 fin
461 2458 503 2482 sul
523 2455 607 2481 conta
627 2458 660 2481 de
679 2457 815 2481 Mantova
836 2464 883 2488 per
904 2458 930 2489 vj
952 2454 981 2479 di
1001 2456 1110 2479 steteno
1124 2462 1138 2478 e
1151 2461 1233 2486 possa

343 2499 355 2511 “
370 2502 523 2524 retornono
543 2507 595 2523 con
616 2499 641 2522 le
662 2499 797 2531 grelande
818 2500 846 2522 in
866 2499 938 2522 testa
951 2516 973 2528 „.

429 2539 440 2556 ³
459 2541 530 2564 Vedi
550 2541 577 2564 la
598 2542 664 2565 nota
694 2539 710 2564 8
730 2548 744 2564 a
764 2548 789 2572 p.
809 2546 857 2571 90;
878 2540 899 2563 il
926 2539 1074 2563 Tarabotti
1102 2536 1177 2561 resto
1204 2538 1231 2561 in

340 2584 436 2607 carica
464 2583 574 2607 almeno
604 2582 662 2606 fino
687 2582 714 2606 al
738 2589 767 2614 15
796 2581 848 2605 feb.
879 2580 945 2613 1326
965 2579 1061 2612 (Carte
1088 2579 1231 2611 Campori,

341 2632 410 2649 cass.
435 2623 504 2657 146).

430 2665 442 2681 ⁴
462 2666 570 2691 Mentre
591 2667 599 2689 i
619 2665 780 2697 Bolognesi,
794 2666 838 2689 coi
853 2665 931 2696 segni
946 2664 1019 2688 della
1040 2664 1166 2691 vittoria,
1180 2664 1233 2686 tor·

341 2715 452 2732 navano
478 2707 553 2731 dalla
579 2707 699 2731 seconda
725 2707 867 2730 cavalcata
894 2705 936 2729 sul
962 2704 1120 2732 Modense,
1142 2704 1162 2727 il
1183 2703 1234 2727 Bo-

342 2750 449 2774 nacolsi
472 2751 494 2773 si
515 2756 670 2782 preparava
690 2756 704 2772 a
726 2748 872 2780 infiiggere
893 2748 956 2771 loro
981 2754 1019 2771 un
1044 2753 1130 2779 grave
1149 2746 1234 2778 colpo

341 2792 489 2817 riuscendo
510 2799 524 2816 a
545 2792 722 2823 conquistare
748 2798 796 2822 per
821 2790 992 2814 tradimento
1019 2789 1039 2812 il
1066 2787 1181 2812 castello
1204 2788 1232 2811 di

341 2834 544 2865 Monteveglio,
565 2833 723 2865 principale
742 2832 878 2856 bainardo
898 2832 941 2855 dei
965 2831 1114 2861 Bolognesi
1131 2831 1159 2853 in
1179 2829 1232 2853 Val

341 2877 369 2900 di
390 2876 555 2907 Samoggia:
578 2875 598 2898 il
617 2881 651 2906 29
671 2875 819 2899 settembre
839 2874 882 2897 col
899 2874 994 2897 favore
1014 2874 1041 2896 di
1059 2872 1150 2896 “certi
1166 2870 1234 2895 Ghi-

344 2920 457 2944 “belini
478 2918 643 2943 deschazadi
664 2917 708 2942 del
728 2917 789 2941 dito
810 2916 1026 2947 Montevegno„
1047 2915 1161 2945 (Corpus
1180 2915 1232 2938 chr.

345 2961 418 2987 Bon..
438 2959 509 2983 ediz,
530 2959 586 2987 cit..
607 2958 639 2989 11,
661 2957 732 2990 367),
746 2958 895 2982 Passerino
915 2956 982 2980 ebbe
1003 2956 1022 2979 il
1044 2954 1174 2983 castenm
1195 2953 1234 2978 “e

342 3003 355 3016 ‘⁴
368 3002 492 3034 vignuda
512 3001 539 3025 la
560 2999 673 3025 novella
694 3000 861 3032 (soggiunge
876 2998 896 3021 il
918 2997 1035 3026 Villola,
1055 2997 1103 3025 ivi,
1116 2995 1149 3024 11,
1163 2994 1234 3028 367),

1295 1489 1308 1501 “
1321 1490 1515 1513 incontenenti
1537 1490 1560 1512 si
1581 1487 1696 1512 cavalco
1717 1488 1822 1519 povolo
1842 1495 1856 1511 e
1876 1488 2006 1516 cavaleri,
2026 1495 2040 1512 e
2059 1488 2131 1512 deno
2158 1488 2185 1513 la

1294 1529 1307 1541 “
1318 1531 1420 1558 bataia,
1440 1538 1453 1554 e
1468 1537 1539 1562 poco
1560 1531 1584 1553 ie
1599 1530 1683 1556 valse.
1704 1538 1717 1553 e
1732 1531 1822 1553 stetisi
1837 1530 1884 1553 dui
1900 1527 1929 1553 di
1951 1530 2075 1557 intorno,
2090 1536 2104 1552 e
2117 1536 2184 1561 posa

1294 1571 1307 1583 “
1317 1574 1339 1596 si
1352 1580 1378 1596 se
1390 1573 1503 1604 partino
1515 1580 1529 1595 e
1538 1572 1644 1603 povolo
1653 1579 1667 1595 e
1678 1572 1798 1595 cavaleri
1811 1579 1824 1594 e
1834 1573 1986 1595 retornono
1998 1579 2012 1595 a
2023 1570 2183 1602 Bononia„.

1291 1614 1314 1638 11
1336 1613 1459 1638 Griffoni
1480 1614 1562 1643 (ediz.
1582 1613 1705 1637 Sorbelli
1725 1620 1739 1636 e
1752 1613 1842 1640 Frati,
1862 1620 1887 1644 p.
1902 1611 1944 1644 36,
1959 1612 1978 1636 l.
1992 1613 2045 1644 30).
2060 1612 2122 1636 dice
2136 1612 2185 1637 che

1293 1656 1306 1668 ‘⁴
1317 1658 1440 1680 castrum
1454 1655 1647 1680 Montisbellii
1663 1663 1711 1688 per
1725 1655 1921 1687 proditionem
1935 1657 2047 1687 captum
2068 1654 2123 1682 sujt
2136 1661 2185 1687 per

1293 1698 1305 1710 ‘¹
1318 1698 1474 1730 Ugolinum
1488 1699 1521 1722 de
1535 1698 1652 1729 Zogolis
1668 1698 1701 1722 de
1716 1698 1793 1721 dicto
1807 1699 1900 1721 castro
1914 1700 1942 1720 et
1954 1697 2030 1721 filios
2044 1704 2107 1721 suos
2122 1704 2184 1720 cum

1293 1740 1382 1764 “aliis
1404 1740 1436 1764 de
1457 1741 1534 1764 dicto
1554 1741 1648 1764 castro
1674 1747 1709 1763 ex
1735 1739 1845 1763 defectu
1872 1739 2087 1771 capitaneorum
2113 1738 2183 1762 dicti

1293 1783 1306 1794 “
1317 1783 1411 1810 castri,
1435 1783 1483 1813 qui
1513 1782 1586 1806 male
1612 1781 1810 1806 custodiebant
1838 1781 1921 1805 illud.
1959 1779 2015 1808 Qui
2042 1780 2184 1813 capitanei

1293 1824 1305 1836 ‘⁴
1319 1825 1431 1848 fuerunt
1445 1824 1522 1849 dicta
1536 1824 1569 1848 de
1584 1832 1667 1848 causa
1682 1824 1845 1857 decapitati,
1860 1823 1994 1847 videlicet
2007 1823 2183 1847 Bertolucius

1292 1866 1305 1879 ‘¹
1317 1866 1350 1890 de
1364 1865 1483 1890 Pacibus
1496 1868 1524 1890 et
1533 1866 1655 1897 Jacobus
1669 1866 1702 1889 de
1716 1865 1880 1889 Tolomaeis
1892 1865 1925 1889 de
1938 1865 2031 1896 Burgo
2043 1864 2184 1888 Galleriae

1292 1908 1305 1921 “
1315 1910 1459 1939 tamquam
1486 1907 1650 1939 proditores
1679 1907 1808 1931 comunis
1839 1907 2021 1938 Bononiae„.
2059 1904 2185 1933 Qualche

1290 1951 1420 1981 maggior
1433 1949 1494 1974 luce
1509 1950 1532 1973 si
1547 1951 1634 1974 ritrae
1647 1949 1682 1973 da
1697 1957 1734 1973 un
1749 1949 1919 1973 documento
1934 1949 1963 1972 di
1976 1948 2094 1980 qualche
2107 1954 2184 1972 anno

1290 1991 1319 2015 di
1340 1992 1405 2023 poi:
1432 1991 1454 2014 il
1474 1991 1586 2015 decreto
1607 1991 1651 2014 del
1671 1991 1767 2023 legato
1788 1990 1945 2014 Bertrando
1972 1989 2015 2013 del
2042 1989 2182 2022 Poggetto

1290 2031 1334 2055 del
1352 2038 1382 2062 14
1396 2032 1523 2055 sebbraio
1541 2038 1615 2063 1331,
1627 2031 1669 2054 col
1682 2031 1764 2061 quale
1775 2037 1820 2054 era
1832 2030 1904 2054 fatta
1917 2030 2014 2062 grazia
2028 2036 2043 2052 a
2054 2029 2182 2062 parecchi

1289 2073 1401 2097 uomini
1422 2074 1451 2097 di
1470 2073 1694 2103 Montebudello,
1714 2070 1762 2105 gia
1781 2071 1893 2096 banditi
1913 2072 2032 2096 durante
2051 2071 2079 2094 la
2099 2070 2182 2104 pode-

1290 2115 1375 2139 steria
1403 2115 1430 2139 di
1453 2114 1574 2147 Giorgio
1594 2114 1779 2138 Tebaldeschi
1800 2114 1845 2137 nel
1872 2112 1938 2145 1326
1963 2113 2008 2145 (R.
2034 2112 2127 2136 Aaou.
2152 2118 2183 2136 m

1289 2156 1386 2180 SrAro
1406 2163 1436 2181 ni
1457 2157 1533 2186 Bou,
1552 2157 1682 2180 Provvis.
1703 2157 1748 2180 del
1760 2156 1834 2179 card.
1853 2155 2015 2184 Bertmndo,
2029 2154 2103 2178 libro
2118 2161 2144 2178 n.
2159 2160 2183 2183 2,

1290 2206 1312 2222 c.
1333 2198 1389 2230 39⁸)
1409 2197 1508 2230 perche
1529 2198 1626 2221 l’anno
1647 2197 1812 2229 precedente
1834 2196 2013 2221 “debuerunt
2026 2196 2057 2219 in
2071 2195 2181 2221 subver-

1292 2240 1305 2252 “
1317 2241 1425 2264 sionem
1440 2242 1467 2264 et
1479 2241 1671 2264 turbationem
1683 2241 1771 2263 status
1787 2238 1894 2272 pacifici
1907 2237 2044 2263 Comunis
2053 2237 2183 2261 Bononle

1292 2282 1304 2295 ‘¹
1316 2285 1343 2306 et
1362 2283 1452 2316 partis
1472 2283 1594 2307 Ecclesie
1609 2284 1635 2306 et
1650 2282 1855 2306 Ferariensium
1871 2281 1999 2305 civitatis
2019 2280 2142 2304 eiusdem
2155 2281 2183 2304 et

1292 2324 1516 2355 “gravissimum
1537 2323 1681 2355 danpnum
1701 2324 1728 2346 et
1748 2323 1949 2346 detrimentum
1968 2320 2040 2345 dicti
2053 2320 2182 2344 comunis

1292 2366 1305 2378 ‘¹
1315 2368 1342 2390 et
1362 2367 1461 2398 partis,
1481 2366 1582 2390 armati
1595 2365 1682 2389 armis
1697 2364 1905 2388 offensibilibus
1924 2365 1952 2388 et
1965 2362 2183 2387 defensibilibus

1292 2409 1303 2420 ‘⁴
1317 2410 1410 2432 noctis
1430 2411 1557 2440 tempore
1576 2407 1708 2431 molester
1727 2407 1834 2430 intrare
1853 2407 1881 2430 et
1899 2411 2036 2437 occupare
2055 2406 2083 2428 et
2102 2411 2181 2428 occu-

1291 2450 1303 2462 ‘¹
1316 2453 1413 2482 patum
1427 2452 1521 2474 tenere
1535 2451 1634 2474 contra
1646 2456 1764 2473 comune
1784 2448 1916 2472 Bononie
1929 2449 1956 2471 et
1977 2447 2066 2479 ipsius
2081 2446 2182 2470 volun·

1292 2491 1306 2504 ‘¹
1317 2494 1403 2515 tatem
1417 2495 1540 2516 castrum
1554 2494 1581 2516 et
1595 2490 1752 2514 sortilicias
1765 2492 1793 2514 et
1812 2489 1898 2513 etiam
1918 2495 2037 2513 comune
2051 2487 2182 2512 Bononie

1291 2533 1302 2545 ‘⁴
1316 2534 1430 2565 perdere
1444 2534 1598 2558 debuerunt
1613 2537 1640 2556 et
1654 2532 1747 2566 ipsum
1767 2533 1889 2555 castrum
1903 2530 2012 2554 tradere
2026 2530 2181 2554 debuerunt

1291 2575 1466 2599 “Passarino
1493 2575 1526 2599 de
1546 2575 1662 2598 Mantua
1690 2574 1808 2597 inimico
1833 2575 1861 2597 et
1887 2571 1985 2596 rebelli
2006 2571 2134 2595 comunis
2154 2572 2181 2594 et

1291 2617 1304 2629 ¹‘
1317 2618 1418 2650 populi
1445 2617 1573 2641 Bononie
1600 2618 1627 2640 et
1655 2616 1745 2648 partis
1771 2615 1894 2638 Ecclesie
1920 2616 1947 2637 et
1972 2613 2180 2637 Ferariensium

1291 2659 1302 2671 ‘⁴
1316 2659 1445 2683 civitatis
1465 2659 1589 2682 eiusdem
1609 2660 1635 2682 et
1656 2658 1748 2690 ipsum
1768 2659 1898 2684 castrum,
1919 2655 2074 2679 fortilicias
2092 2656 2121 2679 et
2139 2661 2180 2678 res

1291 2701 1304 2713 “
1315 2703 1342 2724 et
1357 2701 1432 2725 bona
1445 2701 1572 2724 omnium
1586 2700 1702 2724 illorum
1715 2699 1863 2723 hominum
1877 2700 1904 2721 et
1918 2704 2100 2730 personarum
2114 2698 2180 2720 tunc

1291 2743 1508 2766 “habitancium
1529 2743 1558 2766 in
1574 2742 1651 2767 dicta
1670 2743 1752 2769 terra,
1772 2741 1864 2764 castro
1885 2741 1911 2763 et
1932 2739 2081 2763 fortiliciis
2101 2737 2180 2762 dero-

1291 2784 1304 2796 “
1314 2785 1380 2808 bare
1399 2784 1553 2808 debuerunt
1565 2802 1588 2815 ‚,.

1375 2825 1385 2841 ⁵
1404 2826 1482 2850 Sulla
1508 2825 1645 2857 battaglia
1671 2825 1699 2848 di
1726 2823 1902 2855 Altopascio,
1928 2829 1962 2853 30
1982 2821 2136 2847 settembre.
2156 2822 2178 2845 si

1288 2869 1322 2892 cf.
1344 2867 1377 2892 G.
1397 2869 1533 2898 Vatum,
1552 2867 1666 2897 Cr.,1X,
1686 2865 1813 2899 305·306;
1840 2865 1935 2889 lstorie
1949 2864 2086 2895 pistoresi,
2112 2863 2179 2887 ediz.

1289 2910 1381 2940 Barbi,
1401 2918 1426 2947 p.
1446 2917 1492 2942 93:
1512 2909 1650 2937 STEFANJ,
1673 2909 1798 2941 Cr.fior.,
1812 2908 1877 2931 ediz.
1894 2905 2048 2935 Rodolieo,
2061 2907 2091 2928 in
2113 2905 2177 2928 RR.

1291 2953 1328 2977 II.
1351 2952 1408 2981 SS..
1429 2952 1515 2980 XXX,
1535 2954 1612 2984 parte
1629 2951 1651 2981 1,
1665 2950 1739 2975 rubr.
1758 2955 1817 2984 395.
1855 2949 1877 2973 11
1897 2949 1978 2972 fiume
1999 2949 2151 2972 accennato
2165 2945 2180 2971 ὲ

1289 2995 1316 3019 la
1337 2993 1481 3019 Gusciana
1501 3001 1518 3018 o
1538 2993 1669 3022 Usciaua,
1682 2999 1696 3016 e
1710 2993 1737 3016 la
1749 2991 1889 3023 battaglia
1903 2990 1933 3015 fu
1947 2997 2043 3023 presso
2058 2989 2078 3013 il
2092 2990 2180 3022 ponte

2209 846 2246 876 10

2211 1110 2247 1141 15

2213 1614 2244 1639 45

2213 1827 2246 1853 50

2211 2037 2243 2064 55

2210 2664 2243 2689 70

2209 2874 2240 2900 75
