2318 3603
137 557 155 570 c.
171 552 222 571 ²00

267 1704 297 1723 10

269 2338 300 2363 ²5

270 2549 304 2573 30

272 2753 303 2778 35

274 2966 308 2990 40

917 209 1231 246 CHRONICON
1259 209 1570 246 MUTINENSE
1855 215 1938 250 [ΑΛ.
1958 218 2156 249 iaia-1³1⁴]

316 279 2143 289 ..........................................................................................................................................................................................................

318 328 510 359 altitudinis
526 340 580 359 xv.
598 328 672 359 sine
692 328 801 359 cauda
819 328 876 368 [et]
893 328 965 359 sine
979 328 1090 369 capite
1104 333 1307 364 mensurata,
1322 334 1356 359 et
1372 328 1520 360 habebat
1532 338 1569 359 os
1582 339 1740 371 magnum
1758 329 1805 359 ita
1822 328 1914 370 quod
1927 339 2013 360 unus
2028 328 2089 360 bos
2105 329 2155 360 in-

318 387 449 417 trasset,
467 381 523 421 [01]
541 381 584 411 (10
601 381 668 411 51115
686 381 846 412 carnibus
862 382 1060 413 Ravenates
1077 381 1235 412 fecerunt
1250 381 1361 412 oleum
1375 381 1409 412 in
1424 391 1500 423 quai
1516 381 1610 413 titate
1627 382 1774 412 maxima
1788 382 1807 412 ¹.
1833 381 1962 412 Eodem
1980 381 2156 412 mi'lesimo

320 434 363 465 de
377 443 490 464 mense
507 433 656 465 octobris
674 434 737 465 fuit
754 434 878 466 bellurn
898 435 1018 466 durum
1037 434 1123 466 inter
1140 433 1376 466 Mediolarum
1403 440 1437 465 et
1459 433 1652 475 Papienses,
1677 435 1711 465 111
1737 444 1804 476 quo
1828 433 1919 465 bello
1942 434 2080 466 fuerunt
2102 434 2156 465 fu-

318 487 388 528 gati
407 493 439 517 et
457 487 607 517 conflicti
627 487 810 528 papienses
835 494 868 518 et
892 487 988 518 multi
1011 487 1177 518 vulrerati
1204 493 1237 518 et
1260 486 1438 518 interfecti
1463 493 1496 518 et
1521 487 1611 528 capti
1636 488 1852 529 quamplures
1865 486 1887 518 ².

405 539 571 570 Dominus
602 540 773 571 Iohannes
805 541 846 571 de
878 540 1043 581 Calicinis
1075 541 1118 571 de
1149 540 1267 572 Padua
1298 538 1451 571 Potestas
1480 539 1637 571 Mutinae
1668 540 1731 571 fuit
1767 550 1828 581 per
1862 549 1922 571 sex
1952 549 2085 572 menses
2123 539 2157 570 in

319 591 507 633 M.cccxiiij
523 598 557 623 et
570 592 700 633 incepit
713 593 865 635 regimen
879 604 974 624 suum
989 593 1039 632 [in
1054 592 1210 624 calendis
1234 591 1416 632 februarii]
1429 591 1450 624 ³.
1475 592 1606 624 Eodem
1625 592 1801 624 millesimo
1825 592 1880 624 die
1903 592 1989 624 iovis
2011 592 2069 635 xiij
2089 591 2158 632 [de]

318 655 432 676 mense
448 645 529 676 iunii
548 645 754 677 concitatum
774 646 838 677 fuit
855 645 980 677 bellum
998 645 1192 677 irtestinum
1209 645 1297 676 inter
1314 645 1460 677 Ghelfos
1483 651 1517 676 et
1541 645 1739 677 Ghibelinos
1767 645 1801 675 in
1826 645 1978 686 [civitate
2001 644 2157 680 Luchae3

319 698 388 740 qui]
408 698 592 729 Ghibellini
612 709 722 740 nuper
738 699 910 730 redierant
926 699 969 730 ad
994 699 1181 734 civitatem
1199 699 1243 730 ad
1261 698 1353 740 quod
1370 698 1496 729 bellum
1514 698 1723 730 advenerart
1745 698 1859 730 Pisani
1878 708 1953 729 011111
1971 697 2158 739 stipendia-

318 751 377 782 n'is
401 761 485 792 quos
508 750 682 782 habebant
705 752 740 782 in
763 762 885 788 marsna
909 751 1109 793 quantitate,
1135 751 1301 782 existente
1326 750 1465 782 domino
1482 750 1514 781 in
1533 750 1618 782 Pisis
1634 750 1840 793 Ug[uci]one
1869 751 1912 782 de
1937 751 2065 793 Facola
2087 750 2160 781 viro

318 803 423 834 nob³li
448 810 480 834 et
503 803 629 844 probo:
655 811 687 836 et
713 804 967 836 insurrexerunt
991 810 1108 836 contra
1134 804 1281 835 Ghelfos
1297 810 1330 834 et
1347 813 1406 834 eos
1422 803 1624 844 expulerurt
1656 803 1698 835 de
1730 804 1879 840 civitate,
1914 804 2005 835 facia
2037 813 2160 845 magna

319 863 431 898 strage
448 857 621 887 hominum
641 863 674 888 et
690 858 866 888 mulierum
887 864 919 888 et
936 858 1063 897 praeda
1080 856 1245 888 indicibili
1264 856 1337 888 auri
1353 861 1387 887 et
1404 856 1534 897 argenti
1555 863 1588 887 et
1605 857 1746 887 aliarum
1763 867 1873 887 rerum
1892 856 2124 897 preciosarum
2137 855 2159 886 ⁴.

406 910 574 941 Dominus
598 910 625 941 F
628 910 801 942 ranciscus
825 911 867 942 de
892 910 1106 942 Menabobus
1130 911 1172 941 de
1197 909 1337 941 Feraria
1352 909 1509 941 Potestas
1526 908 1680 940 Mutinae
1698 919 1759 951 per
1775 909 1859 940 alios
1882 919 1939 941 sex
1962 919 2094 940 menses
2109 909 2160 939 in-

317 968 436 1003 ceptos
449 962 494 1002 [in
509 962 661 994 calendis
677 963 822 1005 augusti]
836 963 858 994 ⁵.
898 963 1030 995 Eodem
1047 963 1226 994 millesimo
1244 962 1299 994 die
1315 973 1361 993 xv
1377 962 1510 1004 augusti
1528 962 1562 993 in
1576 962 1632 994 die
1645 962 1881 1003 assumptionis
1897 961 2016 993 beatae
2030 961 2162 993 Mariae

320 1015 493 1046 redierunt
510 1015 559 1046 illi
577 1015 619 1046 de
643 1015 776 1047 Rubeis
801 1016 843 1047 de
866 1015 991 1047 Parma
1014 1016 1049 1047 in
1075 1015 1214 1047 civitate
1238 1014 1384 1046 Parmae
1408 1014 1515 1046 iuncti
1540 1021 1573 1046 et
1597 1015 1812 1046 confederati
1836 1025 1913 1046 cum
1938 1014 2077 1046 domin‘o
2102 1014 2161 1046 Gi-

319 1067 416 1099 berto
441 1067 509 1108 [de]
534 1068 673 1110 Corigia
697 1068 753 1110 qui
777 1079 835 1100 eos
859 1069 1055 1110 expulerat:
1090 1068 1147 1110 qui
1182 1068 1340 1100 dominus
1365 1067 1524 1099 Gibertus
1555 1067 1690 1109 accepit
1712 1073 1792 1099 tunc
1824 1067 1858 1098 in
1889 1077 2027 1098 uxorem
2058 1066 2161 1098 filiam

320 1118 448 1150 domini
473 1118 635 1150 Gulielmi
660 1119 703 1150 de
727 1119 858 1151 Rubeis
872 1118 893 1151 ⁶.
940 1119 1070 1151 Eodem
1095 1119 1273 1151 millesimo
1299 1119 1353 1150 die
1369 1130 1414 1150 xx
1437 1118 1571 1161 augusti
1598 1119 1738 1150 fuerunt
1760 1117 1915 1150 Mutinae
1932 1125 2001 1150 tam
2018 1128 2162 1160 magnae

320 1177 539 1213 tempestates
563 1178 597 1203 et
621 1172 759 1214 fulgura
783 1183 860 1204 cum
884 1173 996 1204 ventis
1027 1173 1118 1215 quod
1152 1172 1341 1204 evellerunt
1374 1171 1513 1204 arbores
1545 1182 1622 1203 cum
1654 1171 1829 1203 radicibus
1852 1182 1872 1203 a
1893 1171 2026 1203 Mutina
2056 1181 2163 1214 usque

414 1308 434 1325 1.
455 1300 515 1331 xv.]
542 1302 592 1324 cosi
619 1301 797 1329 Piuscnxo:
819 1308 853 1325 20
872 1302 914 1331 A„
935 1302 990 1331 Cr.,
1010 1301 1086 1326 Mum
1107 1314 1118 1320 -
1137 1304 1164 1326 et
1185 1302 1282 1325 avanti
1299 1310 1315 1325 a
1335 1301 1396 1325 sine
1417 1301 1510 1334 capite
1535 1309 1583 1325 om.
1611 1301 1654 1327 A..
1685 1301 1739 1329 Cr.,
1765 1300 1857 1329 th.;
1884 1301 1897 1324 ὲ
1915 1302 1942 1325 in
1970 1300 2132 1324 Piuscnmo
2153 1313 2162 1318 -

321 1343 362 1367 ita
383 1342 470 1374 quod]
495 1343 546 1367 cos)
569 1343 645 1367 Mun.
666 1351 678 1366 e
698 1342 875 1367 Piuscnmo·
896 1344 990 1375 itaque
1009 1344 1051 1371 A„
1074 1345 1119 1368 Cr.
1140 1357 1147 1361 -
1167 1351 1240 1368 unus
1260 1343 1322 1375 bos]
1337 1344 1387 1367 cosi
1402 1343 1579 1371 Piuscmxm
1598 1343 1649 1367 bos
1669 1350 1739 1366 unus
1761 1343 1800 1369 A..
1821 1344 1875 1371 Cr.,
1895 1342 1972 1367 Mun.
1994 1355 2024 1359 —
2049 1348 2100 1366 1—2.
2119 1343 2161 1366 in-

323 1386 410 1408 traret
437 1384 478 1412 A..
509 1385 563 1414 Cr.,
593 1385 686 1409 Mum:
714 1385 847 1409 intrasset
873 1385 1035 1409 Pniscraxo
1057 1398 1087 1402 —
1108 1392 1132 1409 2.
1153 1388 1180 1410 et
1209 1393 1257 1410 om.
1286 1386 1366 1410 anche
1395 1387 1440 1411 Cr.
1466 1394 1479 1409 e
1505 1385 1598 1409 Mum:
1618 1382 1631 1408 ὲ
1650 1386 1676 1409 in
1697 1383 1859 1409 Paiscnmo
1878 1397 1890 1403 -
1909 1383 2082 1416 Ravenates]
2110 1384 2161 1408 cosi

322 1426 509 1451 Pmscmnoa
534 1428 661 1451 raunatis
687 1427 730 1457 Λ.,
750 1428 808 1457 Cr.,
828 1428 906 1452 Mum
927 1441 935 1445 -
956 1428 1117 1459 quantitate
1136 1428 1271 1455 maxima]
1291 1427 1342 1452 cosi
1361 1427 1540 1455 Piuscmo;
1569 1434 1642 1451 max.
1662 1428 1760 1458 quant.
1778 1426 1821 1454 A..
1842 1427 1897 1453 Cr..
1918 1426 1994 1450 Mun.
2015 1439 2047 1443 —
2069 1433 2091 1457 5.
2111 1424 2164 1450 Ca-

324 1469 412 1500 lignis
433 1469 474 1498 A„
498 1468 555 1497 Cr.;
576 1468 721 1501 Caliginis
736 1470 825 1494 Μυκη
840 1468 984 1494 Colizinis
999 1471 1053 1495 M:
1069 1469 1208 1494 Calizinis
1226 1470 1389 1494 Piuscnuo
1410 1482 1442 1486 —
1463 1468 1486 1493 6.
1507 1469 1540 1493 de
1559 1478 1607 1493 non
1627 1467 1640 1492 ὲ
1659 1469 1703 1492 nei
1720 1469 1784 1493 testi
1801 1482 1833 1485 —
1855 1467 1908 1500 7-8.
1923 1467 2007 1492 Ghib.
2026 1468 2057 1492 ln
2079 1467 2163 1492 Ghib.

325 1510 367 1540 A,
389 1512 448 1537 Cr.;
476 1509 560 1535 Ghib.
591 1511 720 1535 civitatis
740 1510 840 1536 Lucae.
860 1510 943 1536 Ghib.
965 1512 1042 1536 Mun.
1065 1525 1094 1530 —
1115 1519 1139 1544 9.
1159 1512 1259 1543 Ugone
1281 1511 1363 1536 anche
1384 1512 1444 1536 Cra
1463 1511 1610 1544 Ugutione
1630 1511 1706 1536 Mun.
1727 1524 1759 1528 —
1782 1517 1821 1534 12.
1844 1510 2003 1534 Mene-babo
2029 1510 2079 1539 A.;
2108 1510 2164 1534 Me—

325 1552 435 1577 nababo
458 1553 517 1577 Cr.:
538 1552 658 1577 Menabo
672 1553 765 1578 Mun:
780 1554 813 1578 de
827 1554 1000 1579 Menabohus
1014 1555 1070 1581 M.;
1085 1554 1243 1578 Menabove
1257 1553 1419 1578 Pmscmso
1434 1566 1466 1570 —
1483 1560 1522 1585 14.
1538 1553 1641 1585 iuncti]
1656 1553 1705 1577 cos)
1719 1552 1812 1577 Μυκη
1826 1552 1898 1576 victi
1912 1553 1956 1579 A..
1971 1553 2015 1577 Cr.
2030 1564 2062 1569 —
2078 1558 2167 1583 14-15·

323 1592 448 1619 Roberto
474 1594 515 1623 A..
538 1596 598 1621 Cr.:
628 1595 749 1620 Giberto
770 1596 846 1620 Mun.
868 1605 881 1620 e
900 1595 949 1620 cos)
964 1597 1015 1627 pir}
1033 1600 1100 1620 sotto
1120 1610 1152 1613 —
1175 1603 1214 1629 ¹5-
1235 1596 1268 1620 de
1288 1597 1301 1620 ὲ
1315 1597 1342 1620 in
1356 1595 1434 1620 Mmz.
1448 1609 1457 1613 -
1470 1595 1640 1628 expulerunt
1653 1594 1703 1621 A:
1721 1595 1891 1628 expulerant
1904 1594 1980 1618 Mun.
2002 1594 2048 1619 Cr.
2069 1606 2101 1611 —
2124 1599 2164 1625 17.

329 1635 415 1668 quod]
436 1643 489 1668 que
508 1637 551 1667 A..
572 1638 627 1666 Cr.,
648 1637 726 1662 Mun.

325 1699 351 1722 al
373 1706 403 1731 31
425 1698 580 1727 dicembre3
600 1700 691 1729 splen,
719 1707 744 1725 a.
776 1706 850 1732 1314.
877 1708 903 1724 n.
932 1699 1011 1729 2028,
1037 1700 1130 1734 2345)-
1154 1701 1221 1725 ebbe

325 1748 374 1773 per
394 1742 508 1771 giudice
527 1749 541 1765 e
560 1749 699 1766 assessore
718 1742 814 1766 Pietro
840 1741 941 1767 Grossi
966 1742 1068 1775 (Me-m„
1095 1751 1117 1767 a.
1147 1750 1220 1776 1313,

329 1791 355 1807 11.
375 1781 445 1814 5631.

1276 1702 1299 1725 51
1320 1707 1444 1725 accenna
1464 1699 1521 1724 alla
1540 1699 1704 1731 spedizione
1724 1699 1754 1723 di
1773 1698 1926 1722 Tommaso
1939 1697 2072 1722 Marzano
2085 1699 2168 1722 conte

1276 1743 1304 1766 di
1328 1742 1472 1774 Squillace
1499 1749 1514 1766 e
1541 1741 1720 1767 maresciallo
1749 1740 1794 1765 del
1822 1748 1850 1765 re
1877 1740 2003 1764 Roberto
2029 1739 2043 1764 1
2067 1741 2168 1763 contro

1276 1784 1397 1808 Milano.

419 1824 425 1837 ¹
444 1824 484 1849 La
505 1827 613 1850 notizia
640 1826 889 1850 dell’arenamento
916 1834 1011 1858 presso
1036 1826 1172 1851 Ravenna
1191 1828 1220 1852 di

327 1869 425 1898 questo
445 1875 557 1892 enorme
578 1870 688 1892 cetaceo
702 1867 716 1892 ὲ
731 1870 829 1899 ignota
844 1869 898 1893 3110
913 1869 983 1893 altre
999 1870 1072 1893 fonti
1088 1877 1144 1893 non
1160 1870 1222 1894 solo

327 1909 499 1940 romagnole.
514 1918 557 1933 ma
572 1910 658 1934 anche
672 1911 832 1934 modenesi:
847 1911 934 1935 anche
947 1911 973 1934 al
988 1910 1118 1941 Murano,
1132 1918 1221 1935 nono-

328 1953 420 1976 stante
440 1952 489 1975 che
510 1952 671 1984 Pellegrino
690 1951 849 1982 Pdsciano,
869 1953 890 1976 il
911 1953 993 1984 quale
1019 1953 1063 1977 nel
1083 1953 1173 1978 brano
1192 1953 1221 1977 di

328 1995 417 2019 storia
438 1995 584 2019 modenese
603 1996 698 2021 (Urbis
716 1997 840 2020 Mutinae
857 2000 939 2028 gesta
959 1997 991 2020 ab
1010 1997 1053 2020 die
1071 1997 1224 2021 rebellionis

328 2037 449 2061 civitatis
469 2038 552 2067 ipsius
571 2038 598 2061 in
611 2039 657 2061 hoc
676 2046 753 2068 nsque
772 2038 884 2068 tempus)
899 2038 933 2062 da
947 2039 986 2062 lui
1008 2039 1127 2062 inserito
1148 2039 1223 2063 nella

328 2086 377 2103 sua
398 2081 583 2103 manoscritta
605 2079 727 2103 Hfstoria
752 2080 937 2104 Ferrariensis
951 2080 1024 2105 (Lib.
1038 2080 1085 2108 lx.
1099 2088 1136 2104 cc.
1152 2088 1224 2112 ςυν-

329 2120 361 2153 69
371 2120 398 2147 ν)
413 2121 563 2153 riproduce
577 2124 675 2152 questo
689 2122 779 2145 111-3110
800 2130 851 2145 con
867 2123 892 2146 le
905 2123 1054 2147 medesime
1067 2123 1164 2154 parole
1178 2123 1223 2147 del

330 2165 429 2187 nostro
449 2165 585 2191 cronista‚
600 2163 629 2186 lo
646 2164 734 2187 faccia
749 2164 895 2195 precedere
914 2164 990 2188 dalla
1011 2165 1224 2189 (111-111313ῑί030

329 2206 460 2237 esplicita
475 2205 505 2229 di
519 2206 615 2229 averio
629 2206 778 2230 trascritto
792 2206 998 2230 letteralmente
1011 2207 1088 2230 dalla
1103 2214 1223 2231 cronaca

329 2247 373 2271 del
388 2246 518 2270 Morano.
556 2246 628 2270 Ecco
643 2247 665 2270 il
681 2255 763 2279 passo
779 2248 860 2279 quale
874 2247 888 2272 ὲ
903 2249 969 2272 dato
981 2249 1025 2272 dal
1040 2248 1084 2272 R:
1101 2247 1114 2260 ¹⁴
1125 2248 1224 2272 Extra-

331 2288 345 2301 “
362 2290 496 2320 vaganter
516 2291 608 2312 tamen
634 2289 687 2313 hoc
714 2290 777 2313 loco
805 2290 966 2317 scribemus,
986 2291 1061 2321 quod
1086 2289 1225 2314 Moranus

333 2330 416 2354 “non
438 2330 581 2354 dubitavit
601 2331 750 2355 annalibus
771 2333 829 2355 suis
848 2332 1013 2356 interserere
1040 2333 1089 2356 sub
1115 2333 1225 2356 rubrica

333 2372 346 2385 “
357 2371 531 2396 Manfredini
549 2372 582 2396 de
596 2372 730 2396 Esandris
743 2372 871 2397 Mutinae
881 2373 1023 2398 Praetoris
1034 2375 1062 2397 in
1077 2375 1225 2398 medietate

334 2414 461 2438 “ultima
490 2416 556 2438 anni
579 2417 605 2438 et
625 2416 680 2438 viri
703 2415 782 2439 illius
811 2416 878 2440 11300
908 2418 974 2440 sunt
993 2417 1108 2448 propria
1128 2417 1225 2440 verba:

334 2456 460 2480 “Eodem
481 2456 634 2480 millesimo
654 2456 825 2488 Septembris
851 2465 942 2482 mense
969 2459 1099 2491 apparuit
1118 2457 1226 2483 Raven-

333 2497 346 2510 α
359 2506 410 2522 1130
430 2501 587 2522 monstrum
608 2500 635 2522 in
656 2499 700 2522 his
720 2500 847 2531 partibus
868 2500 1034 2527 inauditum.
1055 2500 1164 2524 scilieet
1182 2501 1227 2525 ba-

335 2540 348 2553 “
364 2541 426 2564 lena
445 2548 501 2564 una
513 2541 572 2564 sive
587 2543 677 2564 cetum
698 2543 854 2573 proiectum
871 2543 899 2565 in
915 2543 987 2566 sicca
1001 2550 1016 2566 a
1030 2542 1160 2566 fluctibus
1173 2550 1227 2566 ma-

335 2583 347 2595 ¹¹
360 2584 406 2609 ris„
421 2583 612 2613 longitudinis
626 2584 811 2615 quadraginta
825 2584 1003 2608 brachiorum
1017 2586 1045 2608 et
1064 2585 1226 2609 altitudinis

335 2625 519 2655 “quindecim
540 2625 600 2648 sine
621 2626 706 2648 cauda
727 2626 755 2648 et
774 2627 866 2658 capite
881 2628 1048 2653 mensurata,
1068 2627 1095 2650 et
1108 2626 1226 2650 habebat

336 2666 392 2689 “os
413 2673 545 2697 magnum
566 2667 605 2690 ita
625 2667 698 2696 quod
719 2674 791 2690 unus
810 2667 861 2690 bos
887 2668 1020 2691 intrasset
1039 2669 1067 2691 et
1092 2667 1126 2691 de
1145 2675 1227 2691 carne

334 2707 540 2731 “Ravennates
570 2708 695 2731 fecerunt
721 2708 814 2732 oleum
839 2710 867 2732 in
888 2710 1046 2740 quantitate
1069 2710 1225 2739 maxima„.

335 2749 497 2779 (Monum.
527 2750 560 2773 di
591 2749 717 2773 Storia
747 2750 872 2774 Patria
901 2751 1000 2775 delle
1030 2750 1228 2782 provincie

334 2791 530 2815 modenesi.
571 2792 648 2816 Scrie
667 2792 737 2815 delle
760 2792 900 2819 Cronache,
920 2793 1012 2816 Tomo
1037 2792 1097 2821 XV,
1124 2799 1153 2823 p:
1175 2791 1225 2824 362

335 2833 365 2856 in
385 2832 599 2865 Appendice
625 2832 678 2857 3110
707 2835 840 2858 Cronaclae
864 2834 906 2858 del
926 2834 1058 2864 Tassonl,
1077 2834 1105 2858 di
1133 2833 1166 2858 G.
1192 2833 1227 2858 da

334 2875 465 2899 Bazzano
486 2883 499 2899 0
519 2876 562 2899 del
583 2875 712 2900 Morano.

423 2915 434 2932 ἵ
454 2916 499 2941 Cf.
518 2917 547 2941 B.
567 2917 710 2948 Memmii⁷
729 2919 798 2945 Chr..
813 2926 873 2950 cap.
887 2918 974 2943 XVII.
990 2920 1018 2943 in
1035 2919 1099 2943 RR.
1115 2919 1153 2943 ΙΙ
1170 2918 1229 2948 SS.,

337 2958 399 2987 ΧΠ,
415 2966 482 2992 1130
494 2967 508 2983 0
522 2959 672 2990 Mussno,
685 2960 728 2984 De
738 2961 827 2992 gestis
842 2961 915 2987 Ital„
929 2960 949 2988 1,
963 2959 988 2990 6,
1002 2960 1086 2989 iviX,
1101 2958 1228 2992 578582:

1364 1825 1375 1841 ³
1395 1824 1501 1853 Questa
1527 1826 1685 1857 podesteria
1711 1825 1755 1849 del
1782 1825 1932 1857 padovano
1959 1822 2105 1848 Giovanni
2135 1822 2169 1846 da

1279 1868 1419 1900 Caligine.
1440 1870 1513 1892 stato
1528 1866 1582 1899 gia,
1599 1875 1678 1891 come
1698 1868 1827 1891 abbiamo
1848 1868 1923 1890 visto
1938 1866 1975 1898 (p.
1990 1866 2034 1895 60,
2049 1868 2118 1890 nota
2131 1863 2169 1896 6),

1277 1913 1412 1944 capitano
1433 1911 1476 1934 del
1503 1910 1609 1942 popolo
1631 1910 1674 1933 nel
1699 1916 1761 1940 1311
1786 1910 1814 1932 in
1840 1908 1969 1939 Modena‚
1996 1907 2011 1932 ὲ
2037 1909 2169 1932 attestata

1277 1955 1323 1979 dal
1336 1954 1464 1978 febbraio
1476 1953 1501 1976 al
1513 1952 1604 1983 luglio
1617 1953 1661 1976 nei
1677 1952 1789 1983 registri
1803 1951 1926 1983 pubblici
1938 1951 2040 1980 (illem.
2054 1958 2077 1974 a.
2095 1956 2169 1981 1314,

1278 2005 1324 2020 nn.
1340 2001 1398 2027 549.
1421 1995 1480 2026 613,
1505 1993 1579 2026 1624,
1601 2001 1680 2023 2005,
1701 1992 1778 2024 2063,
1798 2000 1874 2024 2242,
1896 1992 1973 2021 2662,
1991 1998 2074 2025 3241:
2096 1992 2170 2015 “no-

1280 2039 1372 2062 “bilis
1391 2038 1471 2062 miles
1490 2037 1630 2061 Iohannes
1644 2037 1677 2059 de
1697 2035 1857 2067 Chalicinis
1871 2035 1903 2058 de
1922 2034 2017 2058 Padua
2027 2032 2061 2065 ,,).
2100 2033 2171 2057 “Io-

1279 2081 1292 2094 “
1304 2081 1411 2105 hannes
1423 2078 1570 2112 Calicinus
1582 2097 1594 2108 „
1606 2077 1621 2102 0
1632 2078 1710 2102 detto
1724 2077 1798 2101 nelle
1809 2078 1871 2102 Ant.
1881 2084 1950 2101 eron.
1962 2077 2088 2107 veronesi,
2100 2075 2170 2100 ediz.
2202 2084 2212 2090 .

1279 2122 1406 2154 Cipolla,
1432 2129 1457 2152 p.
1478 2119 1537 2151 406.
1569 2119 1644 2144 Ebbe
1663 2126 1712 2151 per
1729 2118 1843 2151 giudice
1865 2124 2004 2142 assessore
2023 2116 2171 2142 Giovanni

1277 2163 1458 2197 Spadaratici
1478 2162 1581 2193 (Mena.
1603 2169 1625 2185 a.
1649 2168 1722 2193 1314,
1745 2169 1772 2185 n.
1792 2159 1880 2193 2706).

1366 2203 1377 2219 ⁴
1399 2204 1442 2228 Cf.
1457 2204 1485 2228 P.
1500 2203 1587 2231 Vico,
1607 2204 1754 2235 Uguccione
1767 2203 1839 2226 della
1852 2202 2018 2234 Faggiuola,
2034 2201 2171 2230 Livorno,

1282 2246 1356 2279 1879,
1380 2254 1425 2278 pp.
1447 2253 1461 2278 7
1476 2253 1544 2277 sgg.,
1564 2252 1596 2277 33
1617 2252 1690 2277 sgg.=
1704 2245 1731 2269 la
1745 2245 1811 2268 data
1825 2244 1869 2268 del
1892 2250 1920 2275 13
1943 2244 2050 2274 giugno
2070 2250 2127 2267 non
2147 2244 2170 2267 si

1279 2289 1406 2312 riferisce
1426 2288 1480 2311 alle
1501 2287 1641 2311 discordie
1661 2286 1784 2310 lucchesi
1804 2287 1848 2309 tra
1867 2285 1906 2317 gli
1921 2284 2004 2309 Obizi
2025 2285 2061 2308 ei
2079 2284 2171 2308 Berar-

1279 2331 1339 2354 dini
1361 2329 1565 2353 incominciate
1592 2325 1639 2359 gia
1665 2328 1763 2359 prima,
1790 2334 1834 2350 ma
1861 2326 2004 2350 all’arrivo
2028 2326 2056 2349 di
2083 2324 2172 2357 Ugue-

1279 2373 1361 2396 cione
1381 2377 1476 2402 presso
1498 2370 1525 2394 la
1545 2367 1625 2397 citta,
1645 2369 1694 2393 che
1715 2369 1745 2392 su
1764 2369 1798 2392 da
1818 2368 1858 2391 lui
1879 2374 1959 2399 presa
1978 2367 2005 2390 la
2026 2367 2106 2391 notte
2125 2367 2170 2390 dal

1283 2420 1312 2445 13
1335 2413 1361 2437 31
1385 2419 1423 2444 14.

1368 2453 1379 2469 ⁵
1399 2455 1436 2478 Di
1456 2455 1553 2485 questa
1567 2453 1726 2485 podes-teria
1740 2451 1785 2476 del
1799 2451 1960 2479 Menabuoi,
1975 2458 2044 2483 gran
2061 2451 2171 2475 fautore

1280 2497 1323 2521 dei
1345 2496 1496 2520 Bonacolsi
1517 2496 1575 2523 che,
1597 2494 1735 2526 fallitagli
1751 2495 1929 2525 un'impresa
1943 2495 2043 2518 contro
2056 2493 2173 2517 Ferrara

1280 2539 1402 2569 (FiuzzI.
1421 2538 1468 2565 111.
1489 2538 1561 2570 259),
1576 2538 1604 2562 10
1619 2536 1793 2561 mandarono
1805 2536 1868 2560 loro
1882 2533 1999 2568 podest&
2012 2543 2026 2559 e
2039 2537 2172 2567 capitano

1280 2581 1308 2604 di
1329 2588 1427 2612 guerra
1448 2581 1476 2603 in
1498 2579 1627 2609 Modena,
1649 2579 1671 2602 si
1691 2579 1728 2602 ha
1742 2578 1912 2602 documento
1926 2577 1975 2601 che
1989 2578 2173 2601 cominciasse

1279 2624 1308 2648 31
1328 2630 1433 2647 cessare
1452 2623 1585 2654 diquella
1605 2622 1649 2646 del
1671 2621 1811 2653 Caligine,
1831 2623 1906 2644 stato
1926 2618 2043 2652 podest&
2063 2628 2078 2644 a
2098 2621 2174 2644 tutto

1281 2666 1380 2697 lugiio,
1389 2672 1403 2689 e
1412 2664 1478 2697 pero
1488 2665 1531 2689 col
1544 2665 1686 2697 principio
1699 2663 1826 2695 d’agosto
1839 2663 1939 2693 (Mem,
1950 2669 1974 2686 3.
1984 2669 2060 2693 1314.
2070 2670 2096 2686 n.
2109 2668 2174 2694 549:

1283 2707 1296 2720 ‘¹
1308 2710 1434 2740 tempore
1453 2708 1600 2739 regiminis
1622 2706 1728 2730 nobilis
1742 2705 1844 2729 militis
1858 2704 1883 2728 d.
1902 2704 2040 2728 Iohannis
2054 2704 2087 2728 de
2101 2703 2176 2728 Cali-

1283 2750 1380 2775 “cinis
1400 2751 1433 2774 de
1452 2750 1548 2773 Padua
1568 2750 1718 2781 potestatis
1737 2747 1847 2771 Mutine
1867 2754 1928 2778 pro
1949 2753 2067 2770 mense
2087 2746 2173 2770 iulii

1284 2793 1297 2805 ¹¹
1309 2794 1336 2816 et
1348 2794 1474 2824 tempore
1488 2791 1635 2823 regiminis
1650 2790 1755 2814 nobilis
1767 2789 1869 2813 militis
1881 2788 1906 2812 d.
1920 2787 2063 2812 Francisci
2077 2787 2109 2812 de
2120 2787 2176 2812 Me-

1285 2833 1298 2846 “
1311 2834 1435 2858 nabobus
1456 2834 1659 2866 potestatis
1680 2832 1795 2856 futuri
1811 2838 1826 2855 a
1839 2831 1941 2854 dicto
1954 2837 2072 2854 mense
2086 2829 2173 2854 iulii

1285 2876 1299 2889 ⁸
1311 2877 1340 2900 in
1361 2877 1443 2900 antea
1462 2882 1549 2907 usque
1569 2875 1603 2899 ad
1618 2882 1665 2899 sex
1680 2881 1788 2898 menses
1801 2873 1931 2905 proxime
1950 2872 2174 2904 subsequentes„

1285 2917 1332 2948 (cf.
1355 2920 1422 2941 nota
1441 2917 1477 2948 3).

1371 2957 1383 2974 ⁶
1403 2959 1516 2984 Curiosi
1536 2958 1701 2991 particolari
1723 2958 1750 2982 di
1771 2959 1870 2989 questo
1889 2958 2010 2985 ritorno,
2022 2963 2037 2981 e
2057 2956 2100 2980 sul
2119 2962 2175 2981 ma-

2188 803 2226 833 10

2190 1067 2226 1097 15

2197 1876 2230 1902 45

2201 2292 2232 2317 55

2202 2705 2234 2737 65

2203 2922 2238 2948 70
