<?xml version="1.0" encoding="UTF-8"?>
<!DOCTYPE html PUBLIC "-//W3C//DTD XHTML 1.0 Transitional//EN"
    "http://www.w3.org/TR/xhtml1/DTD/xhtml1-transitional.dtd">
<html xmlns="http://www.w3.org/1999/xhtml" xml:lang="en" lang="en">
 <head>
  <title>
</title>
<meta http-equiv="Content-Type" content="text/html;charset=utf-8" />
  <meta name='ocr-system' content='tesseract 3.04.00' />
  <meta name='ocr-capabilities' content='ocr_page ocr_carea ocr_par ocr_line ocrx_word'/>
</head>
<body>
  <div class='ocr_page' id='page_1' title='image "./p4f2rerumitalica15murauoft_0095.png"; bbox 0 0 2370 3603; ppageno 0'>
   <div class='ocr_carea' id='block_1_1' title="bbox 100 225 1930 269">
    <p class='ocr_par' dir='ltr' id='par_1_1' title="bbox 100 225 1930 269">
     <span class='ocr_line' id='line_1_1' title="bbox 100 225 1930 269; baseline -0.002 -6"><span class='ocrx_word' id='word_1_1' title='bbox 100 235 397 269; x_wconf 74' lang='lat' dir='ltr'><strong>[AA.1322-13231</strong></span> <span class='ocrx_word' id='word_1_2' title='bbox 716 228 973 265; x_wconf 91' lang='lat' dir='ltr'>IOHANNIS</span> <span class='ocrx_word' id='word_1_3' title='bbox 1002 229 1073 264; x_wconf 93' lang='lat' dir='ltr'><strong>DE</strong></span> <span class='ocrx_word' id='word_1_4' title='bbox 1099 227 1318 263; x_wconf 86' lang='lat' dir='ltr'><strong>BAZANO</strong></span> <span class='ocrx_word' id='word_1_5' title='bbox 1884 225 1930 261; x_wconf 82' lang='lat'><strong>89</strong></span> 
     </span>
    </p>
   </div>
   <div class='ocr_carea' id='block_1_2' title="bbox 99 299 1924 313">
    <p class='ocr_par' dir='ltr' id='par_1_2' title="bbox 99 299 1924 313">
     <span class='ocr_line' id='line_1_2' title="bbox 99 299 1924 313; baseline -0.003 0"><span class='ocrx_word' id='word_1_6' title='bbox 99 300 1897 313; x_wconf 54' lang='grc'><strong>.......................................................................................................................................................................................................</strong></span> <span class='ocrx_word' id='word_1_7' title='bbox 1899 299 1924 308; x_wconf 69' lang='grc' dir='ltr'><strong>κ.</strong></span> 
     </span>
    </p>
   </div>
   <div class='ocr_carea' id='block_1_3' title="bbox 28 347 1938 1446">
    <p class='ocr_par' dir='ltr' id='par_1_3' title="bbox 28 347 1938 1446">
     <span class='ocr_line' id='line_1_3' title="bbox 101 347 1935 391; baseline -0.002 -9"><span class='ocrx_word' id='word_1_8' title='bbox 101 350 168 382; x_wconf 85' lang='lat' dir='ltr'><strong>taei</strong></span> <span class='ocrx_word' id='word_1_9' title='bbox 192 351 235 382; x_wconf 92' lang='lat' dir='ltr'><strong>de</strong></span> <span class='ocrx_word' id='word_1_10' title='bbox 260 350 400 391; x_wconf 89' lang='lat' dir='ltr'><strong>[mense]</strong></span> <span class='ocrx_word' id='word_1_11' title='bbox 433 349 642 391; x_wconf 81' lang='lat' dir='ltr'><strong>septembris,</strong></span> <span class='ocrx_word' id='word_1_12' title='bbox 675 350 830 382; x_wconf 89' lang='lat' dir='ltr'><strong>dominus</strong></span> <span class='ocrx_word' id='word_1_13' title='bbox 854 351 1006 382; x_wconf 82' lang='lat' dir='ltr'><strong>Ostasius</strong></span> <span class='ocrx_word' id='word_1_14' title='bbox 1029 351 1071 382; x_wconf 88' lang='lat' dir='ltr'><strong>de</strong></span> <span class='ocrx_word' id='word_1_15' title='bbox 1104 350 1247 382; x_wconf 88' lang='lat' dir='ltr'><strong>Polenta</strong></span> <span class='ocrx_word' id='word_1_16' title='bbox 1271 360 1347 381; x_wconf 88' lang='lat' dir='ltr'><strong>cum</strong></span> <span class='ocrx_word' id='word_1_17' title='bbox 1372 349 1495 381; x_wconf 88' lang='lat' dir='ltr'><strong>auxilio</strong></span> <span class='ocrx_word' id='word_1_18' title='bbox 1519 349 1652 381; x_wconf 89' lang='lat' dir='ltr'><strong>illorum</strong></span> <span class='ocrx_word' id='word_1_19' title='bbox 1677 349 1720 380; x_wconf 94' lang='lat' dir='ltr'><strong>de</strong></span> <span class='ocrx_word' id='word_1_20' title='bbox 1746 347 1935 380; x_wconf 81' lang='lat' dir='ltr'><strong>Malatestis</strong></span> 
     </span>
     <span class='ocr_line' id='line_1_4' title="bbox 101 400 1936 445; baseline -0.002 -10"><span class='ocrx_word' id='word_1_21' title='bbox 101 403 235 444; x_wconf 87' lang='lat' dir='ltr'><strong>accepit</strong></span> <span class='ocrx_word' id='word_1_22' title='bbox 250 403 428 435; x_wconf 88' lang='lat' dir='ltr'><strong>Ravenam</strong></span> <span class='ocrx_word' id='word_1_23' title='bbox 453 414 552 445; x_wconf 89' lang='lat' dir='ltr'><strong>quam</strong></span> <span class='ocrx_word' id='word_1_24' title='bbox 570 409 650 434; x_wconf 92' lang='lat' dir='ltr'><strong>tunc</strong></span> <span class='ocrx_word' id='word_1_25' title='bbox 673 402 812 434; x_wconf 86' lang='lat' dir='ltr'><strong>tenebat</strong></span> <span class='ocrx_word' id='word_1_26' title='bbox 829 403 983 435; x_wconf 87' lang='lat' dir='ltr'><strong>dominus</strong></span> <span class='ocrx_word' id='word_1_27' title='bbox 1000 403 1112 435; x_wconf 90' lang='lat' dir='ltr'><strong>Guido</strong></span> <span class='ocrx_word' id='word_1_28' title='bbox 1132 402 1297 435; x_wconf 88' lang='lat' dir='ltr'><strong>Novellus</strong></span> <span class='ocrx_word' id='word_1_29' title='bbox 1322 409 1354 434; x_wconf 92' lang='lat' dir='ltr'><strong>et</strong></span> <span class='ocrx_word' id='word_1_30' title='bbox 1372 403 1571 433; x_wconf 75' lang='lat' dir='ltr'><strong>interfectus</strong></span> <span class='ocrx_word' id='word_1_31' title='bbox 1588 402 1651 433; x_wconf 81' lang='lat' dir='ltr'><strong>fuit</strong></span> <span class='ocrx_word' id='word_1_32' title='bbox 1664 400 1936 432; x_wconf 84' lang='lat' dir='ltr'><strong>Archidiaconus</strong></span> 
     </span>
     <span class='ocr_line' id='line_1_5' title="bbox 102 454 338 487; baseline 0.004 -1"><span class='ocrx_word' id='word_1_33' title='bbox 102 455 171 487; x_wconf 89' lang='lat' dir='ltr'><strong>eius</strong></span> <span class='ocrx_word' id='word_1_34' title='bbox 195 456 302 487; x_wconf 76' lang='lat' dir='ltr'><strong>frater</strong></span> <span class='ocrx_word' id='word_1_35' title='bbox 317 454 338 487; x_wconf 90' lang='lat'><strong>¹.</strong></span> 
     </span>
     <span class='ocr_line' id='line_1_6' title="bbox 185 505 1934 551; baseline -0.001 -13"><span class='ocrx_word' id='word_1_36' title='bbox 185 507 350 539; x_wconf 87' lang='lat' dir='ltr'>Dominus</span> <span class='ocrx_word' id='word_1_37' title='bbox 374 508 539 551; x_wconf 73' lang='lat' dir='ltr'><strong>Gorceria</strong></span> <span class='ocrx_word' id='word_1_38' title='bbox 563 508 607 539; x_wconf 91' lang='lat' dir='ltr'><strong>de</strong></span> <span class='ocrx_word' id='word_1_39' title='bbox 631 508 750 540; x_wconf 88' lang='lat' dir='ltr'><strong>Monte</strong></span> <span class='ocrx_word' id='word_1_40' title='bbox 775 508 915 540; x_wconf 89' lang='lat' dir='ltr'><strong>Melono</strong></span> <span class='ocrx_word' id='word_1_41' title='bbox 932 508 1088 540; x_wconf 82' lang='lat' dir='ltr'>Potestas</span> <span class='ocrx_word' id='word_1_42' title='bbox 1104 508 1257 540; x_wconf 89' lang='lat' dir='ltr'><strong>Mutinae</strong></span> <span class='ocrx_word' id='word_1_43' title='bbox 1273 508 1307 539; x_wconf 90' lang='lat' dir='ltr'><strong>in</strong></span> <span class='ocrx_word' id='word_1_44' title='bbox 1323 507 1518 549; x_wconf 82' lang='lat' dir='ltr'><strong>M.cccxxiij</strong></span> <span class='ocrx_word' id='word_1_45' title='bbox 1536 507 1732 548; x_wconf 86' lang='lat' dir='ltr'><strong>incipiendo</strong></span> <span class='ocrx_word' id='word_1_46' title='bbox 1757 506 1825 546; x_wconf 91' lang='lat' dir='ltr'><strong>[die</strong></span> <span class='ocrx_word' id='word_1_47' title='bbox 1841 505 1934 547; x_wconf 80' lang='lat' dir='ltr'><strong>xxiij]</strong></span> 
     </span>
     <span class='ocr_line' id='line_1_7' title="bbox 55 559 1938 603; baseline -0.002 -11"><span class='ocrx_word' id='word_1_48' title='bbox 55 559 73 592; x_wconf 89' lang='lat'><strong>5</strong></span> <span class='ocrx_word' id='word_1_49' title='bbox 98 561 222 592; x_wconf 85' lang='lat' dir='ltr'>mensis</span> <span class='ocrx_word' id='word_1_50' title='bbox 246 560 409 592; x_wconf 79' lang='lat' dir='ltr'><strong>februarii</strong></span> <span class='ocrx_word' id='word_1_51' title='bbox 421 560 442 592; x_wconf 76' lang='lat'><strong>².</strong></span> <span class='ocrx_word' id='word_1_52' title='bbox 489 560 590 592; x_wconf 86' lang='lat' dir='ltr'><strong>Dicto</strong></span> <span class='ocrx_word' id='word_1_53' title='bbox 614 567 769 602; x_wconf 90' lang='lat' dir='ltr'><strong>tempore</strong></span> <span class='ocrx_word' id='word_1_54' title='bbox 793 562 948 593; x_wconf 90' lang='lat' dir='ltr'><strong>dominus</strong></span> <span class='ocrx_word' id='word_1_55' title='bbox 974 561 1142 603; x_wconf 78' lang='lat' dir='ltr'><strong>Galeacus</strong></span> <span class='ocrx_word' id='word_1_56' title='bbox 1166 561 1381 602; x_wconf 84' lang='lat' dir='ltr'><strong>recuperavit</strong></span> <span class='ocrx_word' id='word_1_57' title='bbox 1404 561 1639 592; x_wconf 78' lang='lat' dir='ltr'>Mediolanum</span> <span class='ocrx_word' id='word_1_58' title='bbox 1658 566 1690 591; x_wconf 92' lang='lat' dir='ltr'><strong>et</strong></span> <span class='ocrx_word' id='word_1_59' title='bbox 1710 569 1865 591; x_wconf 87' lang='lat' dir='ltr'><strong>reversus</strong></span> <span class='ocrx_word' id='word_1_60' title='bbox 1889 563 1938 589; x_wconf 91' lang='lat' dir='ltr'><strong>est</strong></span> 
     </span>
     <span class='ocr_line' id='line_1_8' title="bbox 97 610 1935 656; baseline -0.003 -11"><span class='ocrx_word' id='word_1_61' title='bbox 97 613 132 644; x_wconf 89' lang='lat' dir='ltr'><strong>in</strong></span> <span class='ocrx_word' id='word_1_62' title='bbox 157 623 231 645; x_wconf 90' lang='lat' dir='ltr'><strong>eam</strong></span> <span class='ocrx_word' id='word_1_63' title='bbox 245 614 267 645; x_wconf 78' lang='lat'><strong>³.</strong></span> <span class='ocrx_word' id='word_1_64' title='bbox 314 614 414 645; x_wconf 90' lang='lat' dir='ltr'><strong>Tunc</strong></span> <span class='ocrx_word' id='word_1_65' title='bbox 438 614 501 645; x_wconf 82' lang='lat' dir='ltr'><strong>fuit</strong></span> <span class='ocrx_word' id='word_1_66' title='bbox 525 614 709 645; x_wconf 77' lang='lat' dir='ltr'><strong>sconfictus</strong></span> <span class='ocrx_word' id='word_1_67' title='bbox 733 614 888 646; x_wconf 89' lang='lat' dir='ltr'><strong>dominus</strong></span> <span class='ocrx_word' id='word_1_68' title='bbox 911 614 1051 646; x_wconf 89' lang='lat' dir='ltr'><strong>Marcus</strong></span> <span class='ocrx_word' id='word_1_69' title='bbox 1075 614 1117 646; x_wconf 92' lang='lat' dir='ltr'><strong>de</strong></span> <span class='ocrx_word' id='word_1_70' title='bbox 1140 614 1322 645; x_wconf 88' lang='lat' dir='ltr'><strong>Vescontis</strong></span> <span class='ocrx_word' id='word_1_71' title='bbox 1347 624 1421 644; x_wconf 92' lang='lat' dir='ltr'><strong>cum</strong></span> <span class='ocrx_word' id='word_1_72' title='bbox 1446 619 1549 656; x_wconf 88' lang='lat' dir='ltr'><strong>gente</strong></span> <span class='ocrx_word' id='word_1_73' title='bbox 1574 613 1686 644; x_wconf 88' lang='lat' dir='ltr'><strong>suain</strong></span> <span class='ocrx_word' id='word_1_74' title='bbox 1701 613 1776 653; x_wconf 86' lang='lat' dir='ltr'><strong>ripa</strong></span> <span class='ocrx_word' id='word_1_75' title='bbox 1792 610 1935 642; x_wconf 87' lang='lat' dir='ltr'><strong>fluminis</strong></span> 
     </span>
     <span class='ocr_line' id='line_1_9' title="bbox 97 663 1936 709; baseline -0.002 -12"><span class='ocrx_word' id='word_1_76' title='bbox 97 665 197 697; x_wconf 90' lang='lat' dir='ltr'><strong>Adae</strong></span> <span class='ocrx_word' id='word_1_77' title='bbox 220 677 282 708; x_wconf 88' lang='lat' dir='ltr'><strong>per</strong></span> <span class='ocrx_word' id='word_1_78' title='bbox 306 673 443 709; x_wconf 89' lang='lat' dir='ltr'><strong>gentem</strong></span> <span class='ocrx_word' id='word_1_79' title='bbox 468 666 647 697; x_wconf 86' lang='lat' dir='ltr'><strong>Ecclesiae</strong></span> <span class='ocrx_word' id='word_1_80' title='bbox 672 673 705 698; x_wconf 92' lang='lat' dir='ltr'><strong>et</strong></span> <span class='ocrx_word' id='word_1_81' title='bbox 728 667 850 698; x_wconf 89' lang='lat' dir='ltr'><strong>mortui</strong></span> <span class='ocrx_word' id='word_1_82' title='bbox 875 673 950 698; x_wconf 87' lang='lat' dir='ltr'><strong>sunt</strong></span> <span class='ocrx_word' id='word_1_83' title='bbox 973 667 1006 697; x_wconf 92' lang='lat' dir='ltr'><strong>in</strong></span> <span class='ocrx_word' id='word_1_84' title='bbox 1031 667 1177 698; x_wconf 68' lang='lat' dir='ltr'><strong>maxima</strong></span> <span class='ocrx_word' id='word_1_85' title='bbox 1201 666 1397 708; x_wconf 82' lang='lat' dir='ltr'><strong>quantitate,</strong></span> <span class='ocrx_word' id='word_1_86' title='bbox 1431 672 1463 697; x_wconf 90' lang='lat' dir='ltr'><strong>et</strong></span> <span class='ocrx_word' id='word_1_87' title='bbox 1494 672 1575 696; x_wconf 89' lang='lat' dir='ltr'><strong>tunc</strong></span> <span class='ocrx_word' id='word_1_88' title='bbox 1606 666 1670 696; x_wconf 81' lang='lat' dir='ltr'><strong>fuit</strong></span> <span class='ocrx_word' id='word_1_89' title='bbox 1695 670 1795 706; x_wconf 90' lang='lat' dir='ltr'><strong>capta</strong></span> <span class='ocrx_word' id='word_1_90' title='bbox 1819 663 1936 694; x_wconf 87' lang='lat' dir='ltr'><strong>civitas</strong></span> 
     </span>
     <span class='ocr_line' id='line_1_10' title="bbox 97 715 1936 760; baseline -0.002 -11"><span class='ocrx_word' id='word_1_91' title='bbox 97 717 328 750; x_wconf 85' lang='lat' dir='ltr'><strong>Alexandriae</strong></span> <span class='ocrx_word' id='word_1_92' title='bbox 358 729 421 760; x_wconf 91' lang='lat' dir='ltr'><strong>per</strong></span> <span class='ocrx_word' id='word_1_93' title='bbox 453 725 589 760; x_wconf 88' lang='lat' dir='ltr'><strong>gentem</strong></span> <span class='ocrx_word' id='word_1_94' title='bbox 615 719 795 750; x_wconf 87' lang='lat' dir='ltr'><strong>Ecclesiae</strong></span> <span class='ocrx_word' id='word_1_95' title='bbox 828 725 860 750; x_wconf 89' lang='lat' dir='ltr'><strong>et</strong></span> <span class='ocrx_word' id='word_1_96' title='bbox 891 720 1001 750; x_wconf 88' lang='lat' dir='ltr'><strong>statim</strong></span> <span class='ocrx_word' id='word_1_97' title='bbox 1027 719 1163 751; x_wconf 90' lang='lat' dir='ltr'><strong>obsessa</strong></span> <span class='ocrx_word' id='word_1_98' title='bbox 1195 719 1258 750; x_wconf 84' lang='lat' dir='ltr'><strong>fuit</strong></span> <span class='ocrx_word' id='word_1_99' title='bbox 1289 729 1351 760; x_wconf 88' lang='lat' dir='ltr'><strong>per</strong></span> <span class='ocrx_word' id='word_1_100' title='bbox 1377 718 1529 750; x_wconf 90' lang='lat' dir='ltr'><strong>eamdem</strong></span> <span class='ocrx_word' id='word_1_101' title='bbox 1554 724 1690 760; x_wconf 86' lang='lat' dir='ltr'><strong>gentem</strong></span> <span class='ocrx_word' id='word_1_102' title='bbox 1716 717 1832 748; x_wconf 84' lang='lat' dir='ltr'><strong>civitas</strong></span> <span class='ocrx_word' id='word_1_103' title='bbox 1860 715 1936 747; x_wconf 88' lang='lat' dir='ltr'><strong>Me-</strong></span> 
     </span>
     <span class='ocr_line' id='line_1_11' title="bbox 98 769 1934 813; baseline -0.002 -11"><span class='ocrx_word' id='word_1_104' title='bbox 98 771 237 808; x_wconf 90' lang='lat' dir='ltr'><strong>diolani,</strong></span> <span class='ocrx_word' id='word_1_105' title='bbox 261 777 295 802; x_wconf 90' lang='lat' dir='ltr'><strong>et</strong></span> <span class='ocrx_word' id='word_1_106' title='bbox 318 772 408 803; x_wconf 86' lang='lat' dir='ltr'><strong>stetit</strong></span> <span class='ocrx_word' id='word_1_107' title='bbox 432 770 478 802; x_wconf 88' lang='lat' dir='ltr'><strong>ibi</strong></span> <span class='ocrx_word' id='word_1_108' title='bbox 503 771 670 802; x_wconf 81' lang='lat' dir='ltr'><strong>exercitus</strong></span> <span class='ocrx_word' id='word_1_109' title='bbox 694 771 842 813; x_wconf 89' lang='lat' dir='ltr'><strong>quinque</strong></span> <span class='ocrx_word' id='word_1_110' title='bbox 865 771 1049 803; x_wconf 88' lang='lat' dir='ltr'><strong>mensibus&#39;</strong></span> <span class='ocrx_word' id='word_1_111' title='bbox 1079 778 1111 803; x_wconf 89' lang='lat' dir='ltr'><strong>et</strong></span> <span class='ocrx_word' id='word_1_112' title='bbox 1128 782 1166 803; x_wconf 89' lang='lat' dir='ltr'><strong>se</strong></span> <span class='ocrx_word' id='word_1_113' title='bbox 1183 771 1352 812; x_wconf 86' lang='lat' dir='ltr'><strong>separavit</strong></span> <span class='ocrx_word' id='word_1_114' title='bbox 1367 777 1508 812; x_wconf 90' lang='lat' dir='ltr'><strong>propter</strong></span> <span class='ocrx_word' id='word_1_115' title='bbox 1524 770 1757 812; x_wconf 87' lang='lat' dir='ltr'><strong>prodicionem</strong></span> <span class='ocrx_word' id='word_1_116' title='bbox 1782 769 1934 800; x_wconf 89' lang='lat' dir='ltr'><strong>Theoto-</strong></span> 
     </span>
     <span class='ocr_line' id='line_1_12' title="bbox 36 821 1932 865; baseline -0.002 -11"><span class='ocrx_word' id='word_1_117' title='bbox 36 823 73 854; x_wconf 92' lang='lat'><strong>10</strong></span> <span class='ocrx_word' id='word_1_118' title='bbox 98 823 275 864; x_wconf 85' lang='lat' dir='ltr'><strong>[nieorum]</strong></span> <span class='ocrx_word' id='word_1_119' title='bbox 291 831 374 855; x_wconf 88' lang='lat' dir='ltr'><strong>tunc</strong></span> <span class='ocrx_word' id='word_1_120' title='bbox 393 823 606 855; x_wconf 79' lang='lat' dir='ltr'><strong>existentium</strong></span> <span class='ocrx_word' id='word_1_121' title='bbox 620 824 664 855; x_wconf 90' lang='lat' dir='ltr'><strong>ad</strong></span> <span class='ocrx_word' id='word_1_122' title='bbox 678 824 883 865; x_wconf 88' lang='lat' dir='ltr'><strong>stipendium</strong></span> <span class='ocrx_word' id='word_1_123' title='bbox 896 825 1076 856; x_wconf 89' lang='lat' dir='ltr'><strong>Ecclesiae</strong></span> <span class='ocrx_word' id='word_1_124' title='bbox 1093 825 1148 856; x_wconf 91' lang='lat' dir='ltr'><strong>die</strong></span> <span class='ocrx_word' id='word_1_125' title='bbox 1161 824 1294 856; x_wconf 89' lang='lat' dir='ltr'><strong>veneris</strong></span> <span class='ocrx_word' id='word_1_126' title='bbox 1308 824 1362 855; x_wconf 90' lang='lat' dir='ltr'><strong>die</strong></span> <span class='ocrx_word' id='word_1_127' title='bbox 1380 823 1447 865; x_wconf 83' lang='lat' dir='ltr'><strong>xxij</strong></span> <span class='ocrx_word' id='word_1_128' title='bbox 1466 823 1590 855; x_wconf 87' lang='lat' dir='ltr'><strong>mensis</strong></span> <span class='ocrx_word' id='word_1_129' title='bbox 1607 823 1689 860; x_wconf 85' lang='lat' dir='ltr'><strong>iulii,</strong></span> <span class='ocrx_word' id='word_1_130' title='bbox 1708 828 1740 854; x_wconf 91' lang='lat' dir='ltr'><strong>et</strong></span> <span class='ocrx_word' id='word_1_131' title='bbox 1756 821 1815 852; x_wconf 85' lang='lat' dir='ltr'><strong>ivit</strong></span> <span class='ocrx_word' id='word_1_132' title='bbox 1830 821 1932 852; x_wconf 89' lang='lat' dir='ltr'><strong>Mun-</strong></span> 
     </span>
     <span class='ocr_line' id='line_1_13' title="bbox 98 875 1937 919; baseline -0.001 -12"><span class='ocrx_word' id='word_1_133' title='bbox 98 876 184 907; x_wconf 87' lang='lat' dir='ltr'><strong>ciam</strong></span> <span class='ocrx_word' id='word_1_134' title='bbox 210 882 242 907; x_wconf 86' lang='lat' dir='ltr'><strong>et</strong></span> <span class='ocrx_word' id='word_1_135' title='bbox 266 877 422 908; x_wconf 86' lang='lat' dir='ltr'><strong>dominus</strong></span> <span class='ocrx_word' id='word_1_136' title='bbox 446 877 616 918; x_wconf 75' lang='lat' dir='ltr'><strong>Galeacus</strong></span> <span class='ocrx_word' id='word_1_137' title='bbox 640 883 774 909; x_wconf 88' lang='lat' dir='ltr'><strong>secutus</strong></span> <span class='ocrx_word' id='word_1_138' title='bbox 799 883 848 908; x_wconf 90' lang='lat' dir='ltr'><strong>est</strong></span> <span class='ocrx_word' id='word_1_139' title='bbox 873 888 947 908; x_wconf 89' lang='lat' dir='ltr'><strong>eum</strong></span> <span class='ocrx_word' id='word_1_140' title='bbox 972 887 1048 908; x_wconf 88' lang='lat' dir='ltr'><strong>cum</strong></span> <span class='ocrx_word' id='word_1_141' title='bbox 1072 883 1174 919; x_wconf 85' lang='lat' dir='ltr'><strong>gente</strong></span> <span class='ocrx_word' id='word_1_142' title='bbox 1190 887 1250 908; x_wconf 88' lang='lat' dir='ltr'><strong>sua</strong></span> <span class='ocrx_word' id='word_1_143' title='bbox 1261 876 1283 908; x_wconf 81' lang='lat'><strong>⁴.</strong></span> <span class='ocrx_word' id='word_1_144' title='bbox 1330 876 1374 907; x_wconf 90' lang='lat' dir='ltr'><strong>Et</strong></span> <span class='ocrx_word' id='word_1_145' title='bbox 1391 876 1482 907; x_wconf 92' lang='lat' dir='ltr'><strong>dicto</strong></span> <span class='ocrx_word' id='word_1_146' title='bbox 1500 882 1654 917; x_wconf 89' lang='lat' dir='ltr'><strong>tempore</strong></span> <span class='ocrx_word' id='word_1_147' title='bbox 1671 875 1734 906; x_wconf 82' lang='lat' dir='ltr'><strong>fuit</strong></span> <span class='ocrx_word' id='word_1_148' title='bbox 1759 879 1937 915; x_wconf 85' lang='lat' dir='ltr'><strong>exceptum</strong></span> 
     </span>
     <span class='ocr_line' id='line_1_14' title="bbox 95 925 1936 970; baseline -0.002 -10"><span class='ocrx_word' id='word_1_149' title='bbox 95 928 250 960; x_wconf 85' lang='lat' dir='ltr'><strong>Castrum</strong></span> <span class='ocrx_word' id='word_1_150' title='bbox 274 929 444 960; x_wconf 87' lang='lat' dir='ltr'><strong>Francum</strong></span> <span class='ocrx_word' id='word_1_151' title='bbox 469 929 642 961; x_wconf 84' lang='lat' dir='ltr'><strong>districtus</strong></span> <span class='ocrx_word' id='word_1_152' title='bbox 666 930 842 961; x_wconf 86' lang='lat' dir='ltr'><strong>Bononiae</strong></span> <span class='ocrx_word' id='word_1_153' title='bbox 874 940 936 970; x_wconf 91' lang='lat' dir='ltr'><strong>per</strong></span> <span class='ocrx_word' id='word_1_154' title='bbox 967 929 1044 961; x_wconf 86' lang='lat' dir='ltr'><strong>illos</strong></span> <span class='ocrx_word' id='word_1_155' title='bbox 1076 930 1119 961; x_wconf 93' lang='lat' dir='ltr'><strong>de</strong></span> <span class='ocrx_word' id='word_1_156' title='bbox 1149 929 1297 961; x_wconf 84' lang='lat' dir='ltr'><strong>Medicis</strong></span> <span class='ocrx_word' id='word_1_157' title='bbox 1323 935 1355 960; x_wconf 91' lang='lat' dir='ltr'><strong>et</strong></span> <span class='ocrx_word' id='word_1_158' title='bbox 1380 935 1490 960; x_wconf 87' lang='lat' dir='ltr'><strong>certos</strong></span> <span class='ocrx_word' id='word_1_159' title='bbox 1513 928 1598 960; x_wconf 87' lang='lat' dir='ltr'><strong>alios</strong></span> <span class='ocrx_word' id='word_1_160' title='bbox 1622 928 1830 959; x_wconf 84' lang='lat' dir='ltr'><strong>extrinsecos</strong></span> <span class='ocrx_word' id='word_1_161' title='bbox 1854 925 1936 957; x_wconf 83' lang='lat' dir='ltr'><strong>dicti</strong></span> 
     </span>
     <span class='ocr_line' id='line_1_15' title="bbox 97 977 1935 1023; baseline -0.002 -10"><span class='ocrx_word' id='word_1_162' title='bbox 97 981 197 1013; x_wconf 88' lang='lat' dir='ltr'><strong>castri</strong></span> <span class='ocrx_word' id='word_1_163' title='bbox 222 988 255 1013; x_wconf 92' lang='lat' dir='ltr'><strong>et</strong></span> <span class='ocrx_word' id='word_1_164' title='bbox 279 982 423 1013; x_wconf 88' lang='lat' dir='ltr'><strong>civitatis</strong></span> <span class='ocrx_word' id='word_1_165' title='bbox 447 982 634 1019; x_wconf 82' lang='lat' dir='ltr'><strong>Bononiae,</strong></span> <span class='ocrx_word' id='word_1_166' title='bbox 660 982 703 1013; x_wconf 91' lang='lat' dir='ltr'><strong>ad</strong></span> <span class='ocrx_word' id='word_1_167' title='bbox 726 982 935 1023; x_wconf 88' lang='lat' dir='ltr'><strong>peticionem</strong></span> <span class='ocrx_word' id='word_1_168' title='bbox 961 982 1088 1014; x_wconf 88' lang='lat' dir='ltr'><strong>domini</strong></span> <span class='ocrx_word' id='word_1_169' title='bbox 1113 982 1259 1014; x_wconf 85' lang='lat' dir='ltr'><strong>civitatis</strong></span> <span class='ocrx_word' id='word_1_170' title='bbox 1282 982 1436 1013; x_wconf 86' lang='lat' dir='ltr'><strong>Mutinae</strong></span> <span class='ocrx_word' id='word_1_171' title='bbox 1465 981 1519 1012; x_wconf 90' lang='lat' dir='ltr'><strong>die</strong></span> <span class='ocrx_word' id='word_1_172' title='bbox 1544 981 1660 1012; x_wconf 90' lang='lat' dir='ltr'><strong>martis</strong></span> <span class='ocrx_word' id='word_1_173' title='bbox 1683 979 1773 1021; x_wconf 82' lang='lat' dir='ltr'><strong>xviiij</strong></span> <span class='ocrx_word' id='word_1_174' title='bbox 1800 979 1869 1010; x_wconf 92' lang='lat' dir='ltr'><strong>iulii</strong></span> <span class='ocrx_word' id='word_1_175' title='bbox 1900 977 1935 1009; x_wconf 87' lang='lat' dir='ltr'><strong>in</strong></span> 
     </span>
     <span class='ocr_line' id='line_1_16' title="bbox 95 1031 1935 1071; baseline -0.002 -6"><span class='ocrx_word' id='word_1_176' title='bbox 95 1045 212 1070; x_wconf 82' lang='lat' dir='ltr'><strong>mane;</strong></span> <span class='ocrx_word' id='word_1_177' title='bbox 238 1040 270 1065; x_wconf 91' lang='lat' dir='ltr'><strong>et</strong></span> <span class='ocrx_word' id='word_1_178' title='bbox 294 1034 386 1066; x_wconf 90' lang='lat' dir='ltr'><strong>dicta</strong></span> <span class='ocrx_word' id='word_1_179' title='bbox 410 1034 465 1066; x_wconf 89' lang='lat' dir='ltr'><strong>die</strong></span> <span class='ocrx_word' id='word_1_180' title='bbox 490 1035 523 1066; x_wconf 90' lang='lat' dir='ltr'><strong>in</strong></span> <span class='ocrx_word' id='word_1_181' title='bbox 548 1035 661 1066; x_wconf 88' lang='lat' dir='ltr'><strong>terciis</strong></span> <span class='ocrx_word' id='word_1_182' title='bbox 686 1034 795 1066; x_wconf 89' lang='lat' dir='ltr'><strong>dictus</strong></span> <span class='ocrx_word' id='word_1_183' title='bbox 819 1035 974 1066; x_wconf 89' lang='lat' dir='ltr'><strong>dominus</strong></span> <span class='ocrx_word' id='word_1_184' title='bbox 998 1035 1143 1066; x_wconf 86' lang='lat' dir='ltr'><strong>civitatis</strong></span> <span class='ocrx_word' id='word_1_185' title='bbox 1167 1035 1330 1071; x_wconf 86' lang='lat' dir='ltr'><strong>Mutinae,</strong></span> <span class='ocrx_word' id='word_1_186' title='bbox 1349 1034 1551 1065; x_wconf 77' lang='lat' dir='ltr'><strong>Franciscus</strong></span> <span class='ocrx_word' id='word_1_187' title='bbox 1576 1034 1618 1065; x_wconf 92' lang='lat' dir='ltr'><strong>de</strong></span> <span class='ocrx_word' id='word_1_188' title='bbox 1641 1031 1849 1067; x_wconf 86' lang='lat' dir='ltr'><strong>Bonacolsis,</strong></span> <span class='ocrx_word' id='word_1_189' title='bbox 1867 1031 1935 1062; x_wconf 91' lang='lat' dir='ltr'><strong>illic</strong></span> 
     </span>
     <span class='ocr_line' id='line_1_17' title="bbox 35 1084 1936 1129; baseline -0.001 -12"><span class='ocrx_word' id='word_1_190' title='bbox 35 1085 70 1118; x_wconf 90' lang='grc'><strong>15</strong></span> <span class='ocrx_word' id='word_1_191' title='bbox 97 1087 258 1128; x_wconf 88' lang='lat' dir='ltr'><strong>equitavit</strong></span> <span class='ocrx_word' id='word_1_192' title='bbox 283 1097 358 1118; x_wconf 91' lang='lat' dir='ltr'><strong>cum</strong></span> <span class='ocrx_word' id='word_1_193' title='bbox 383 1094 485 1129; x_wconf 86' lang='lat' dir='ltr'><strong>gente</strong></span> <span class='ocrx_word' id='word_1_194' title='bbox 509 1098 568 1119; x_wconf 90' lang='lat' dir='ltr'><strong>sua</strong></span> <span class='ocrx_word' id='word_1_195' title='bbox 594 1094 626 1119; x_wconf 87' lang='lat' dir='ltr'><strong>et</strong></span> <span class='ocrx_word' id='word_1_196' title='bbox 646 1088 826 1119; x_wconf 88' lang='lat' dir='ltr'><strong>noluerunt</strong></span> <span class='ocrx_word' id='word_1_197' title='bbox 842 1087 923 1119; x_wconf 84' lang='lat' dir='ltr'><strong>dare</strong></span> <span class='ocrx_word' id='word_1_198' title='bbox 942 1088 972 1119; x_wconf 91' lang='lat' dir='ltr'><strong>ei</strong></span> <span class='ocrx_word' id='word_1_199' title='bbox 990 1088 1117 1120; x_wconf 90' lang='lat' dir='ltr'><strong>dictum</strong></span> <span class='ocrx_word' id='word_1_200' title='bbox 1136 1094 1281 1119; x_wconf 83' lang='lat' dir='ltr'><strong>castrum</strong></span> <span class='ocrx_word' id='word_1_201' title='bbox 1299 1093 1332 1118; x_wconf 90' lang='lat' dir='ltr'><strong>et</strong></span> <span class='ocrx_word' id='word_1_202' title='bbox 1347 1097 1502 1118; x_wconf 88' lang='lat' dir='ltr'><strong>reversus</strong></span> <span class='ocrx_word' id='word_1_203' title='bbox 1520 1086 1592 1127; x_wconf 89' lang='lat' dir='ltr'><strong>e[st]</strong></span> <span class='ocrx_word' id='word_1_204' title='bbox 1610 1085 1775 1122; x_wconf 86' lang='lat' dir='ltr'><strong>Mutinae,</strong></span> <span class='ocrx_word' id='word_1_205' title='bbox 1793 1091 1827 1116; x_wconf 89' lang='lat' dir='ltr'><strong>et</strong></span> <span class='ocrx_word' id='word_1_206' title='bbox 1845 1084 1936 1115; x_wconf 91' lang='lat' dir='ltr'><strong>dicto</strong></span> 
     </span>
     <span class='ocr_line' id='line_1_18' title="bbox 96 1137 1937 1181; baseline -0.002 -11"><span class='ocrx_word' id='word_1_207' title='bbox 96 1139 150 1170; x_wconf 87' lang='lat' dir='ltr'><strong>die</strong></span> <span class='ocrx_word' id='word_1_208' title='bbox 169 1139 294 1170; x_wconf 85' lang='lat' dir='ltr'><strong>dictum</strong></span> <span class='ocrx_word' id='word_1_209' title='bbox 315 1146 460 1171; x_wconf 84' lang='lat' dir='ltr'><strong>castrum</strong></span> <span class='ocrx_word' id='word_1_210' title='bbox 485 1146 721 1181; x_wconf 87' lang='lat' dir='ltr'><strong>recuperatum</strong></span> <span class='ocrx_word' id='word_1_211' title='bbox 747 1139 810 1171; x_wconf 79' lang='lat' dir='ltr'><strong>fuit</strong></span> <span class='ocrx_word' id='word_1_212' title='bbox 825 1150 888 1181; x_wconf 93' lang='lat' dir='ltr'><strong>per</strong></span> <span class='ocrx_word' id='word_1_213' title='bbox 905 1149 1050 1171; x_wconf 90' lang='lat' dir='ltr'><strong>comune</strong></span> <span class='ocrx_word' id='word_1_214' title='bbox 1074 1138 1249 1171; x_wconf 89' lang='lat' dir='ltr'><strong>Bononiae</strong></span> <span class='ocrx_word' id='word_1_215' title='bbox 1268 1145 1300 1171; x_wconf 91' lang='lat' dir='ltr'><strong>et</strong></span> <span class='ocrx_word' id='word_1_216' title='bbox 1316 1138 1523 1170; x_wconf 87' lang='lat' dir='ltr'><strong>habitatores</strong></span> <span class='ocrx_word' id='word_1_217' title='bbox 1552 1138 1634 1170; x_wconf 88' lang='lat' dir='ltr'><strong>dicti</strong></span> <span class='ocrx_word' id='word_1_218' title='bbox 1658 1137 1759 1169; x_wconf 88' lang='lat' dir='ltr'><strong>castri</strong></span> <span class='ocrx_word' id='word_1_219' title='bbox 1784 1143 1817 1168; x_wconf 90' lang='lat' dir='ltr'><strong>et</strong></span> <span class='ocrx_word' id='word_1_220' title='bbox 1838 1146 1937 1178; x_wconf 88' lang='lat' dir='ltr'><strong>prae-</strong></span> 
     </span>
     <span class='ocr_line' id='line_1_19' title="bbox 95 1188 1934 1234; baseline -0.002 -11"><span class='ocrx_word' id='word_1_221' title='bbox 95 1191 177 1223; x_wconf 92' lang='lat' dir='ltr'><strong>dicti</strong></span> <span class='ocrx_word' id='word_1_222' title='bbox 200 1192 243 1223; x_wconf 90' lang='lat' dir='ltr'><strong>de</strong></span> <span class='ocrx_word' id='word_1_223' title='bbox 266 1191 416 1224; x_wconf 89' lang='lat' dir='ltr'><strong>Medicis</strong></span> <span class='ocrx_word' id='word_1_224' title='bbox 441 1202 517 1223; x_wconf 90' lang='lat' dir='ltr'><strong>cum</strong></span> <span class='ocrx_word' id='word_1_225' title='bbox 535 1193 601 1224; x_wconf 90' lang='lat' dir='ltr'><strong>suis</strong></span> <span class='ocrx_word' id='word_1_226' title='bbox 618 1191 821 1234; x_wconf 82' lang='lat' dir='ltr'><strong>sequacibus</strong></span> <span class='ocrx_word' id='word_1_227' title='bbox 845 1192 983 1224; x_wconf 80' lang='lat' dir='ltr'><strong>fuerunt</strong></span> <span class='ocrx_word' id='word_1_228' title='bbox 1008 1192 1097 1234; x_wconf 88' lang='lat' dir='ltr'><strong>capti</strong></span> <span class='ocrx_word' id='word_1_229' title='bbox 1116 1199 1149 1224; x_wconf 89' lang='lat' dir='ltr'><strong>et</strong></span> <span class='ocrx_word' id='word_1_230' title='bbox 1165 1191 1317 1233; x_wconf 85' lang='lat' dir='ltr'><strong>suspensi</strong></span> <span class='ocrx_word' id='word_1_231' title='bbox 1330 1190 1351 1223; x_wconf 84' lang='lat'><strong>⁵.</strong></span> <span class='ocrx_word' id='word_1_232' title='bbox 1399 1191 1442 1223; x_wconf 92' lang='lat' dir='ltr'><strong>Et</strong></span> <span class='ocrx_word' id='word_1_233' title='bbox 1465 1197 1546 1222; x_wconf 88' lang='lat' dir='ltr'><strong>tunc</strong></span> <span class='ocrx_word' id='word_1_234' title='bbox 1564 1190 1627 1221; x_wconf 79' lang='lat' dir='ltr'><strong>fuit</strong></span> <span class='ocrx_word' id='word_1_235' title='bbox 1651 1190 1831 1222; x_wconf 88' lang='lat' dir='ltr'><strong>interdicta</strong></span> <span class='ocrx_word' id='word_1_236' title='bbox 1853 1188 1934 1220; x_wconf 91' lang='lat' dir='ltr'><strong>civi-</strong></span> 
     </span>
     <span class='ocr_line' id='line_1_20' title="bbox 93 1241 1934 1287; baseline -0.002 -11"><span class='ocrx_word' id='word_1_237' title='bbox 93 1250 144 1276; x_wconf 88' lang='lat' dir='ltr'><strong>tas</strong></span> <span class='ocrx_word' id='word_1_238' title='bbox 166 1244 319 1276; x_wconf 82' lang='lat' dir='ltr'><strong>Mutinae</strong></span> <span class='ocrx_word' id='word_1_239' title='bbox 336 1255 399 1286; x_wconf 92' lang='lat' dir='ltr'><strong>pro</strong></span> <span class='ocrx_word' id='word_1_240' title='bbox 417 1245 573 1277; x_wconf 85' lang='lat' dir='ltr'><strong>Ecclesia</strong></span> <span class='ocrx_word' id='word_1_241' title='bbox 590 1251 755 1287; x_wconf 80' lang='lat' dir='ltr'><strong>regnante</strong></span> <span class='ocrx_word' id='word_1_242' title='bbox 771 1244 868 1286; x_wconf 87' lang='lat' dir='ltr'><strong>Papa</strong></span> <span class='ocrx_word' id='word_1_243' title='bbox 885 1245 1037 1276; x_wconf 87' lang='lat' dir='ltr'><strong>Iohanne</strong></span> <span class='ocrx_word' id='word_1_244' title='bbox 1060 1244 1126 1286; x_wconf 82' lang='lat' dir='ltr'><strong>xxij</strong></span> <span class='ocrx_word' id='word_1_245' title='bbox 1152 1250 1292 1286; x_wconf 87' lang='lat' dir='ltr'><strong>propter</strong></span> <span class='ocrx_word' id='word_1_246' title='bbox 1308 1251 1450 1276; x_wconf 87' lang='lat' dir='ltr'><strong>mortem</strong></span> <span class='ocrx_word' id='word_1_247' title='bbox 1469 1243 1526 1284; x_wconf 88' lang='lat' dir='ltr'><strong>[et]</strong></span> <span class='ocrx_word' id='word_1_248' title='bbox 1542 1243 1710 1275; x_wconf 89' lang='lat' dir='ltr'><strong>robariam</strong></span> <span class='ocrx_word' id='word_1_249' title='bbox 1724 1241 1934 1274; x_wconf 87' lang='lat' dir='ltr'><strong>Marchionis</strong></span> 
     </span>
     <span class='ocr_line' id='line_1_21' title="bbox 95 1294 1811 1340; baseline -0.002 -11"><span class='ocrx_word' id='word_1_250' title='bbox 95 1297 139 1329; x_wconf 92' lang='lat' dir='ltr'><strong>de</strong></span> <span class='ocrx_word' id='word_1_251' title='bbox 161 1297 320 1329; x_wconf 86' lang='lat' dir='ltr'><strong>Marchia</strong></span> <span class='ocrx_word' id='word_1_252' title='bbox 344 1304 377 1329; x_wconf 90' lang='lat' dir='ltr'><strong>et</strong></span> <span class='ocrx_word' id='word_1_253' title='bbox 400 1298 572 1339; x_wconf 85' lang='lat' dir='ltr'><strong>inceptum</strong></span> <span class='ocrx_word' id='word_1_254' title='bbox 596 1298 661 1329; x_wconf 75' lang='lat' dir='ltr'><strong>fuit</strong></span> <span class='ocrx_word' id='word_1_255' title='bbox 686 1298 813 1329; x_wconf 89' lang='lat' dir='ltr'><strong>dictum</strong></span> <span class='ocrx_word' id='word_1_256' title='bbox 837 1298 1054 1329; x_wconf 88' lang='lat' dir='ltr'><strong>interdictum</strong></span> <span class='ocrx_word' id='word_1_257' title='bbox 1080 1298 1135 1330; x_wconf 89' lang='lat' dir='ltr'><strong>die</strong></span> <span class='ocrx_word' id='word_1_258' title='bbox 1159 1298 1245 1329; x_wconf 87' lang='lat' dir='ltr'><strong>iovis</strong></span> <span class='ocrx_word' id='word_1_259' title='bbox 1270 1305 1390 1338; x_wconf 89' lang='lat' dir='ltr'><strong>quarto</strong></span> <span class='ocrx_word' id='word_1_260' title='bbox 1414 1297 1546 1340; x_wconf 86' lang='lat' dir='ltr'><strong>augusti</strong></span> <span class='ocrx_word' id='word_1_261' title='bbox 1570 1297 1604 1327; x_wconf 91' lang='lat' dir='ltr'><strong>in</strong></span> <span class='ocrx_word' id='word_1_262' title='bbox 1628 1296 1778 1337; x_wconf 85' lang='lat' dir='ltr'><strong>vesperis</strong></span> <span class='ocrx_word' id='word_1_263' title='bbox 1789 1294 1811 1326; x_wconf 80' lang='lat'><strong>⁶.</strong></span> 
     </span>
     <span class='ocr_line' id='line_1_22' title="bbox 28 1348 1937 1393; baseline -0.001 -12"><span class='ocrx_word' id='word_1_264' title='bbox 28 1351 70 1381; x_wconf 82' lang='lat'><strong>20</strong></span> <span class='ocrx_word' id='word_1_265' title='bbox 180 1350 348 1382; x_wconf 90' lang='lat' dir='ltr'><strong>Dominus</strong></span> <span class='ocrx_word' id='word_1_266' title='bbox 372 1351 592 1393; x_wconf 85' lang='lat' dir='ltr'><strong>Paghaninus</strong></span> <span class='ocrx_word' id='word_1_267' title='bbox 616 1351 659 1382; x_wconf 91' lang='lat' dir='ltr'><strong>de</strong></span> <span class='ocrx_word' id='word_1_268' title='bbox 683 1350 849 1382; x_wconf 88' lang='lat' dir='ltr'><strong>Tocholis</strong></span> <span class='ocrx_word' id='word_1_269' title='bbox 874 1350 918 1382; x_wconf 92' lang='lat' dir='ltr'><strong>de</strong></span> <span class='ocrx_word' id='word_1_270' title='bbox 942 1350 1065 1382; x_wconf 90' lang='lat' dir='ltr'><strong>Parma</strong></span> <span class='ocrx_word' id='word_1_271' title='bbox 1089 1351 1243 1382; x_wconf 88' lang='lat' dir='ltr'><strong>Potestas</strong></span> <span class='ocrx_word' id='word_1_272' title='bbox 1267 1350 1421 1382; x_wconf 87' lang='lat' dir='ltr'><strong>Mutinae</strong></span> <span class='ocrx_word' id='word_1_273' title='bbox 1444 1351 1480 1381; x_wconf 87' lang='lat' dir='ltr'><strong>in</strong></span> <span class='ocrx_word' id='word_1_274' title='bbox 1505 1348 1699 1391; x_wconf 86' lang='lat' dir='ltr'><strong>M.cccxxiij</strong></span> <span class='ocrx_word' id='word_1_275' title='bbox 1724 1349 1757 1380; x_wconf 89' lang='lat' dir='ltr'><strong>in</strong></span> <span class='ocrx_word' id='word_1_276' title='bbox 1782 1348 1855 1379; x_wconf 91' lang='lat' dir='ltr'><strong>aliis</strong></span> <span class='ocrx_word' id='word_1_277' title='bbox 1878 1358 1937 1379; x_wconf 85' lang='lat' dir='ltr'><strong>sex</strong></span> 
     </span>
     <span class='ocr_line' id='line_1_23' title="bbox 93 1400 1936 1446; baseline -0.002 -12"><span class='ocrx_word' id='word_1_278' title='bbox 93 1402 263 1435; x_wconf 85' lang='lat' dir='ltr'><strong>mensibus</strong></span> <span class='ocrx_word' id='word_1_279' title='bbox 286 1403 430 1445; x_wconf 86' lang='lat' dir='ltr'><strong>inceptis</strong></span> <span class='ocrx_word' id='word_1_280' title='bbox 453 1403 535 1446; x_wconf 77' lang='lat' dir='ltr'><strong>xxiij</strong></span> <span class='ocrx_word' id='word_1_281' title='bbox 562 1403 693 1445; x_wconf 84' lang='lat' dir='ltr'><strong>augusti</strong></span> <span class='ocrx_word' id='word_1_282' title='bbox 706 1401 728 1433; x_wconf 91' lang='lat'><strong>⁷.</strong></span> <span class='ocrx_word' id='word_1_283' title='bbox 773 1403 805 1434; x_wconf 97' lang='lat' dir='ltr'>T</span> <span class='ocrx_word' id='word_1_284' title='bbox 808 1412 875 1434; x_wconf 89' lang='lat' dir='ltr'><strong>unc</strong></span> <span class='ocrx_word' id='word_1_285' title='bbox 893 1403 1050 1435; x_wconf 90' lang='lat' dir='ltr'><strong>dominus</strong></span> <span class='ocrx_word' id='word_1_286' title='bbox 1066 1403 1210 1435; x_wconf 88' lang='lat' dir='ltr'><strong>Carolus</strong></span> <span class='ocrx_word' id='word_1_287' title='bbox 1234 1403 1330 1434; x_wconf 90' lang='lat' dir='ltr'><strong>dedit</strong></span> <span class='ocrx_word' id='word_1_288' title='bbox 1352 1402 1455 1434; x_wconf 87' lang='lat' dir='ltr'><strong>filiam</strong></span> <span class='ocrx_word' id='word_1_289' title='bbox 1472 1413 1566 1434; x_wconf 89' lang='lat' dir='ltr'><strong>suam</strong></span> <span class='ocrx_word' id='word_1_290' title='bbox 1582 1401 1650 1433; x_wconf 86' lang='lat' dir='ltr'><strong>filio</strong></span> <span class='ocrx_word' id='word_1_291' title='bbox 1667 1401 1776 1443; x_wconf 86' lang='lat' dir='ltr'><strong>Regis</strong></span> <span class='ocrx_word' id='word_1_292' title='bbox 1791 1400 1936 1432; x_wconf 90' lang='lat' dir='ltr'><strong>Roberti</strong></span> 
     </span>
    </p>
   </div>
   <div class='ocr_carea' id='block_1_4' title="bbox 47 1539 1936 1825">
    <p class='ocr_par' dir='ltr' id='par_1_4' title="bbox 94 1539 1936 1700">
     <span class='ocr_line' id='line_1_24' title="bbox 185 1539 1936 1573; baseline -0.002 -7"><span class='ocrx_word' id='word_1_293' title='bbox 185 1549 206 1566; x_wconf 88' lang='lat'><strong>1.</strong></span> <span class='ocrx_word' id='word_1_294' title='bbox 226 1549 319 1566; x_wconf 87' lang='lat' dir='ltr'><strong>mense</strong></span> <span class='ocrx_word' id='word_1_295' title='bbox 334 1550 401 1573; x_wconf 71' lang='lat' dir='ltr'><strong>agg.</strong></span> <span class='ocrx_word' id='word_1_296' title='bbox 417 1542 503 1569; x_wconf 73' lang='lat' dir='ltr'><strong>MUR.¹</strong></span> <span class='ocrx_word' id='word_1_297' title='bbox 526 1542 570 1565; x_wconf 86' lang='lat' dir='ltr'><strong>Cr.</strong></span> <span class='ocrx_word' id='word_1_298' title='bbox 592 1554 623 1559; x_wconf 87' lang='lat'><strong>-·</strong></span> <span class='ocrx_word' id='word_1_299' title='bbox 644 1550 668 1572; x_wconf 77' lang='lat'><strong>4.</strong></span> <span class='ocrx_word' id='word_1_300' title='bbox 689 1539 826 1565; x_wconf 84' lang='lat' dir='ltr'><strong>Corzeria</strong></span> <span class='ocrx_word' id='word_1_301' title='bbox 845 1541 886 1567; x_wconf 82' lang='lat' dir='ltr'><strong>A..</strong></span> <span class='ocrx_word' id='word_1_302' title='bbox 908 1541 994 1570; x_wconf 57' lang='lat' dir='ltr'><strong>Mum,</strong></span> <span class='ocrx_word' id='word_1_303' title='bbox 1009 1542 1070 1566; x_wconf 87' lang='lat' dir='ltr'><strong>Cr.:</strong></span> <span class='ocrx_word' id='word_1_304' title='bbox 1090 1539 1222 1565; x_wconf 84' lang='lat' dir='ltr'><strong>Gurzena</strong></span> <span class='ocrx_word' id='word_1_305' title='bbox 1235 1542 1275 1565; x_wconf 89' lang='lat' dir='ltr'><strong>M.</strong></span> <span class='ocrx_word' id='word_1_306' title='bbox 1298 1554 1305 1558; x_wconf 92' lang='lat'><em>-</em></span> <span class='ocrx_word' id='word_1_307' title='bbox 1326 1541 1440 1564; x_wconf 87' lang='lat' dir='ltr'><strong>Melano</strong></span> <span class='ocrx_word' id='word_1_308' title='bbox 1455 1541 1497 1570; x_wconf 63' lang='lat' dir='ltr'><strong>A„</strong></span> <span class='ocrx_word' id='word_1_309' title='bbox 1513 1540 1599 1570; x_wconf 52' lang='lat' dir='ltr'><strong>Mum,</strong></span> <span class='ocrx_word' id='word_1_310' title='bbox 1613 1541 1659 1566; x_wconf 86' lang='lat' dir='ltr'><strong>Cr.</strong></span> <span class='ocrx_word' id='word_1_311' title='bbox 1674 1553 1683 1557; x_wconf 90' lang='lat'>-</span> <span class='ocrx_word' id='word_1_312' title='bbox 1698 1540 1743 1564; x_wconf 79' lang='lat' dir='ltr'><strong>die</strong></span> <span class='ocrx_word' id='word_1_313' title='bbox 1757 1540 1830 1573; x_wconf 63' lang='lat' dir='ltr'><strong>xxtij</strong></span> <span class='ocrx_word' id='word_1_314' title='bbox 1845 1548 1936 1564; x_wconf 74' lang='lat' dir='ltr'><strong>maaca</strong></span> 
     </span>
     <span class='ocr_line' id='line_1_25' title="bbox 94 1581 1935 1616; baseline -0.002 -8"><span class='ocrx_word' id='word_1_315' title='bbox 94 1585 121 1608; x_wconf 82' lang='lat' dir='ltr'><strong>in</strong></span> <span class='ocrx_word' id='word_1_316' title='bbox 134 1584 221 1612; x_wconf 81' lang='lat' dir='ltr'><strong>MUR..</strong></span> <span class='ocrx_word' id='word_1_317' title='bbox 245 1585 306 1614; x_wconf 90' lang='lat' dir='ltr'><strong>Cr.‚·</strong></span> <span class='ocrx_word' id='word_1_318' title='bbox 327 1591 374 1616; x_wconf 88' lang='lat' dir='ltr'><strong>per</strong></span> <span class='ocrx_word' id='word_1_319' title='bbox 394 1591 442 1608; x_wconf 79' lang='lat' dir='ltr'><strong>sex</strong></span> <span class='ocrx_word' id='word_1_320' title='bbox 464 1590 572 1607; x_wconf 85' lang='lat' dir='ltr'><strong>menses</strong></span> <span class='ocrx_word' id='word_1_321' title='bbox 592 1584 722 1615; x_wconf 78' lang='lat' dir='ltr'><strong>inceptos</strong></span> <span class='ocrx_word' id='word_1_322' title='bbox 749 1583 781 1616; x_wconf 85' lang='lat' dir='ltr'><strong>iij</strong></span> <span class='ocrx_word' id='word_1_323' title='bbox 807 1583 942 1607; x_wconf 77' lang='lat' dir='ltr'><strong>februarii</strong></span> <span class='ocrx_word' id='word_1_324' title='bbox 969 1584 1009 1607; x_wconf 86' lang='lat' dir='ltr'><strong>M.</strong></span> <span class='ocrx_word' id='word_1_325' title='bbox 1030 1597 1061 1600; x_wconf 81' lang='lat'>—</span> <span class='ocrx_word' id='word_1_326' title='bbox 1083 1590 1105 1615; x_wconf 85' lang='lat'><strong>5.</strong></span> <span class='ocrx_word' id='word_1_327' title='bbox 1126 1590 1219 1607; x_wconf 87' lang='lat' dir='ltr'><strong>mense</strong></span> <span class='ocrx_word' id='word_1_328' title='bbox 1238 1582 1325 1612; x_wconf 52' lang='lat' dir='ltr'><strong>Mun,</strong></span> <span class='ocrx_word' id='word_1_329' title='bbox 1350 1584 1395 1607; x_wconf 89' lang='lat' dir='ltr'><strong>Cr.</strong></span> <span class='ocrx_word' id='word_1_330' title='bbox 1415 1596 1447 1600; x_wconf 92' lang='lat'><strong>—</strong></span> <span class='ocrx_word' id='word_1_331' title='bbox 1468 1588 1490 1614; x_wconf 93' lang='lat'><strong>7.</strong></span> <span class='ocrx_word' id='word_1_332' title='bbox 1512 1582 1609 1606; x_wconf 86' lang='lat' dir='ltr'><strong>Addae</strong></span> <span class='ocrx_word' id='word_1_333' title='bbox 1630 1582 1716 1612; x_wconf 61' lang='lat' dir='ltr'><strong>Mun„</strong></span> <span class='ocrx_word' id='word_1_334' title='bbox 1738 1582 1783 1606; x_wconf 90' lang='lat' dir='ltr'><strong>Cr.</strong></span> <span class='ocrx_word' id='word_1_335' title='bbox 1804 1595 1812 1599; x_wconf 88' lang='lat'><em>-</em></span> <span class='ocrx_word' id='word_1_336' title='bbox 1832 1581 1935 1606; x_wconf 78' lang='lat' dir='ltr'><strong>civitas</strong></span> 
     </span>
     <span class='ocr_line' id='line_1_26' title="bbox 94 1623 1936 1658; baseline -0.002 -8"><span class='ocrx_word' id='word_1_337' title='bbox 94 1634 141 1650; x_wconf 88' lang='lat' dir='ltr'><strong>om.</strong></span> <span class='ocrx_word' id='word_1_338' title='bbox 163 1626 208 1650; x_wconf 89' lang='lat' dir='ltr'><strong>Cr.</strong></span> <span class='ocrx_word' id='word_1_339' title='bbox 229 1638 261 1642; x_wconf 91' lang='lat'><strong>—</strong></span> <span class='ocrx_word' id='word_1_340' title='bbox 281 1632 355 1658; x_wconf 89' lang='lat'><strong>9-10.</strong></span> <span class='ocrx_word' id='word_1_341' title='bbox 370 1626 564 1657; x_wconf 82' lang='lat' dir='ltr'><strong>perdicionem</strong></span> <span class='ocrx_word' id='word_1_342' title='bbox 579 1625 690 1649; x_wconf 85' lang='lat' dir='ltr'><strong>Theoto</strong></span> <span class='ocrx_word' id='word_1_343' title='bbox 705 1627 773 1648; x_wconf 84' lang='lat' dir='ltr'><strong>tunc</strong></span> <span class='ocrx_word' id='word_1_344' title='bbox 793 1626 960 1648; x_wconf 80' lang='lat' dir='ltr'><strong>existentem</strong></span> <span class='ocrx_word' id='word_1_345' title='bbox 981 1625 1029 1649; x_wconf 81' lang='lat' dir='ltr'><strong>A.:</strong></span> <span class='ocrx_word' id='word_1_346' title='bbox 1049 1626 1076 1648; x_wconf 88' lang='lat' dir='ltr'><strong>la</strong></span> <span class='ocrx_word' id='word_1_347' title='bbox 1096 1633 1164 1649; x_wconf 83' lang='lat' dir='ltr'><strong>corr.</strong></span> <span class='ocrx_word' id='word_1_348' title='bbox 1184 1626 1197 1648; x_wconf 63' lang='grc' dir='ltr'><strong>ξ’</strong></span> <span class='ocrx_word' id='word_1_349' title='bbox 1217 1625 1243 1648; x_wconf 89' lang='lat' dir='ltr'><strong>in</strong></span> <span class='ocrx_word' id='word_1_350' title='bbox 1263 1625 1350 1654; x_wconf 49' lang='lat' dir='ltr'><strong>Mun,</strong></span> <span class='ocrx_word' id='word_1_351' title='bbox 1372 1626 1417 1650; x_wconf 80' lang='lat' dir='ltr'><strong>Cr.</strong></span> <span class='ocrx_word' id='word_1_352' title='bbox 1436 1637 1468 1642; x_wconf 89' lang='lat'>—</span> <span class='ocrx_word' id='word_1_353' title='bbox 1491 1631 1532 1648; x_wconf 84' lang='lat'><strong>10.</strong></span> <span class='ocrx_word' id='word_1_354' title='bbox 1559 1623 1633 1657; x_wconf 77' lang='lat' dir='ltr'><strong>xxiJ&#39;]</strong></span> <span class='ocrx_word' id='word_1_355' title='bbox 1658 1628 1688 1654; x_wconf 82' lang='lat'><strong>25</strong></span> <span class='ocrx_word' id='word_1_356' title='bbox 1710 1624 1751 1652; x_wconf 64' lang='lat' dir='ltr'><strong>A„</strong></span> <span class='ocrx_word' id='word_1_357' title='bbox 1772 1623 1858 1653; x_wconf 56' lang='lat' dir='ltr'><strong>Mun„</strong></span> <span class='ocrx_word' id='word_1_358' title='bbox 1875 1623 1936 1650; x_wconf 74' lang='lat' dir='ltr'><strong>Cr..-</strong></span> 
     </span>
     <span class='ocr_line' id='line_1_27' title="bbox 94 1665 1935 1700; baseline -0.002 -8"><span class='ocrx_word' id='word_1_359' title='bbox 94 1668 116 1692; x_wconf 78' lang='lat' dir='ltr'><strong>il</strong></span> <span class='ocrx_word' id='word_1_360' title='bbox 132 1675 170 1698; x_wconf 77' lang='lat'><strong>25</strong></span> <span class='ocrx_word' id='word_1_361' title='bbox 189 1668 275 1700; x_wconf 74' lang='lat' dir='ltr'><strong>luglio</strong></span> <span class='ocrx_word' id='word_1_362' title='bbox 295 1676 341 1691; x_wconf 84' lang='lat' dir='ltr'><strong>era</strong></span> <span class='ocrx_word' id='word_1_363' title='bbox 361 1676 396 1690; x_wconf 83' lang='lat' dir='ltr'><strong>un</strong></span> <span class='ocrx_word' id='word_1_364' title='bbox 416 1668 520 1695; x_wconf 74' lang='lat' dir='ltr'><strong>l1med);</strong></span> <span class='ocrx_word' id='word_1_365' title='bbox 541 1668 552 1690; x_wconf 85' lang='lat' dir='ltr'><strong>i</strong></span> <span class='ocrx_word' id='word_1_366' title='bbox 570 1668 679 1691; x_wconf 69' lang='lat' dir='ltr'><strong>venerd}</strong></span> <span class='ocrx_word' id='word_1_367' title='bbox 704 1668 734 1691; x_wconf 84' lang='lat' dir='ltr'><strong>di</strong></span> <span class='ocrx_word' id='word_1_368' title='bbox 757 1667 843 1699; x_wconf 74' lang='lat' dir='ltr'><strong>luglio</strong></span> <span class='ocrx_word' id='word_1_369' title='bbox 855 1667 957 1698; x_wconf 65' lang='lat' dir='ltr'><strong>furano</strong></span> <span class='ocrx_word' id='word_1_370' title='bbox 980 1667 1024 1690; x_wconf 78' lang='lat' dir='ltr'><strong>nei</strong></span> <span class='ocrx_word' id='word_1_371' title='bbox 1039 1667 1134 1698; x_wconf 69' lang='lat' dir='ltr'><strong>giorm&#39;</strong></span> <span class='ocrx_word' id='word_1_372' title='bbox 1151 1675 1175 1695; x_wconf 71' lang='grc' dir='ltr'><strong>ι,</strong></span> <span class='ocrx_word' id='word_1_373' title='bbox 1194 1667 1218 1697; x_wconf 82' lang='grc'><strong>8,</strong></span> <span class='ocrx_word' id='word_1_374' title='bbox 1239 1673 1285 1696; x_wconf 78' lang='lat'><strong>15,</strong></span> <span class='ocrx_word' id='word_1_375' title='bbox 1304 1675 1337 1690; x_wconf 87' lang='lat'><strong>22</strong></span> <span class='ocrx_word' id='word_1_376' title='bbox 1358 1675 1370 1690; x_wconf 83' lang='lat' dir='ltr'><strong>e</strong></span> <span class='ocrx_word' id='word_1_377' title='bbox 1383 1675 1424 1697; x_wconf 75' lang='lat'><strong>29.</strong></span> <span class='ocrx_word' id='word_1_378' title='bbox 1444 1679 1476 1684; x_wconf 84' lang='lat'><strong>—</strong></span> <span class='ocrx_word' id='word_1_379' title='bbox 1499 1673 1586 1690; x_wconf 90' lang='lat'><strong>10-11.</strong></span> <span class='ocrx_word' id='word_1_380' title='bbox 1609 1665 1764 1697; x_wconf 88' lang='lat' dir='ltr'><strong>Munciam]</strong></span> <span class='ocrx_word' id='word_1_381' title='bbox 1790 1666 1840 1689; x_wconf 63' lang='lat' dir='ltr'><strong>cosi</strong></span> <span class='ocrx_word' id='word_1_382' title='bbox 1867 1673 1935 1689; x_wconf 87' lang='lat' dir='ltr'><strong>corr.</strong></span> 
     </span>
    </p>

    <p class='ocr_par' dir='ltr' id='par_1_5' title="bbox 47 1707 1935 1825">
     <span class='ocr_line' id='line_1_28' title="bbox 47 1707 1935 1740; baseline -0.002 -7"><span class='ocrx_word' id='word_1_383' title='bbox 47 1715 60 1740; x_wconf 82' lang='lat'><strong>5</strong></span> <span class='ocrx_word' id='word_1_384' title='bbox 93 1710 170 1734; x_wconf 82' lang='lat' dir='ltr'><strong>MUR.</strong></span> <span class='ocrx_word' id='word_1_385' title='bbox 191 1711 218 1733; x_wconf 85' lang='lat' dir='ltr'><strong>la</strong></span> <span class='ocrx_word' id='word_1_386' title='bbox 237 1710 405 1733; x_wconf 75' lang='lat' dir='ltr'><strong>sostituzione</strong></span> <span class='ocrx_word' id='word_1_387' title='bbox 423 1711 467 1733; x_wconf 77' lang='lat' dir='ltr'><strong>che</strong></span> <span class='ocrx_word' id='word_1_388' title='bbox 487 1710 509 1732; x_wconf 80' lang='lat' dir='ltr'><strong>il</strong></span> <span class='ocrx_word' id='word_1_389' title='bbox 526 1709 627 1739; x_wconf 77' lang='lat' dir='ltr'><strong>copista</strong></span> <span class='ocrx_word' id='word_1_390' title='bbox 653 1710 787 1732; x_wconf 73' lang='lat' dir='ltr'><strong>modenese</strong></span> <span class='ocrx_word' id='word_1_391' title='bbox 807 1709 837 1732; x_wconf 74' lang='lat' dir='ltr'><strong>di</strong></span> <span class='ocrx_word' id='word_1_392' title='bbox 855 1709 888 1732; x_wconf 78' lang='lat' dir='ltr'><strong>A.</strong></span> <span class='ocrx_word' id='word_1_393' title='bbox 908 1709 939 1732; x_wconf 83' lang='grc' dir='ltr'><strong>Ιια</strong></span> <span class='ocrx_word' id='word_1_394' title='bbox 952 1709 1030 1740; x_wconf 71' lang='lat' dir='ltr'><strong>sallo</strong></span> <span class='ocrx_word' id='word_1_395' title='bbox 1049 1709 1121 1732; x_wconf 83' lang='lat' dir='ltr'><strong>della</strong></span> <span class='ocrx_word' id='word_1_396' title='bbox 1147 1717 1194 1732; x_wconf 81' lang='lat' dir='ltr'><strong>sua</strong></span> <span class='ocrx_word' id='word_1_397' title='bbox 1214 1709 1328 1732; x_wconf 79' lang='lat' dir='ltr'><strong>Mutina</strong></span> <span class='ocrx_word' id='word_1_398' title='bbox 1347 1717 1363 1732; x_wconf 90' lang='grc' dir='ltr'><em>α</em></span> <span class='ocrx_word' id='word_1_399' title='bbox 1383 1708 1494 1732; x_wconf 83' lang='lat' dir='ltr'><strong>Muntia</strong></span> <span class='ocrx_word' id='word_1_400' title='bbox 1521 1721 1552 1725; x_wconf 94' lang='lat'><em>—</em></span> <span class='ocrx_word' id='word_1_401' title='bbox 1575 1715 1614 1731; x_wconf 87' lang='lat'><strong>11.</strong></span> <span class='ocrx_word' id='word_1_402' title='bbox 1633 1708 1669 1731; x_wconf 85' lang='lat' dir='ltr'><strong>Et</strong></span> <span class='ocrx_word' id='word_1_403' title='bbox 1688 1716 1734 1732; x_wconf 90' lang='lat' dir='ltr'><strong>om.</strong></span> <span class='ocrx_word' id='word_1_404' title='bbox 1755 1707 1840 1735; x_wconf 80' lang='lat' dir='ltr'><strong>MUR.,</strong></span> <span class='ocrx_word' id='word_1_405' title='bbox 1862 1708 1907 1732; x_wconf 89' lang='lat' dir='ltr'><strong>Cr.</strong></span> <span class='ocrx_word' id='word_1_406' title='bbox 1927 1719 1935 1724; x_wconf 86' lang='lat'><strong>·</strong></span> 
     </span>
     <span class='ocr_line' id='line_1_29' title="bbox 94 1749 1935 1783; baseline -0.002 -8"><span class='ocrx_word' id='word_1_407' title='bbox 94 1752 238 1783; x_wconf 73' lang='lat' dir='ltr'><strong>acceptum</strong></span> <span class='ocrx_word' id='word_1_408' title='bbox 261 1751 348 1779; x_wconf 72' lang='lat' dir='ltr'><strong>MUR.⁷</strong></span> <span class='ocrx_word' id='word_1_409' title='bbox 370 1752 413 1775; x_wconf 87' lang='lat' dir='ltr'><strong>Cr.</strong></span> <span class='ocrx_word' id='word_1_410' title='bbox 437 1764 466 1768; x_wconf 94' lang='lat'>—</span> <span class='ocrx_word' id='word_1_411' title='bbox 491 1758 530 1782; x_wconf 88' lang='lat'><strong>13.</strong></span> <span class='ocrx_word' id='word_1_412' title='bbox 551 1750 635 1783; x_wconf 78' lang='lat' dir='ltr'><strong>xviiij</strong></span> <span class='ocrx_word' id='word_1_413' title='bbox 657 1750 733 1781; x_wconf 89' lang='lat' dir='ltr'><strong>iulii]</strong></span> <span class='ocrx_word' id='word_1_414' title='bbox 753 1751 803 1774; x_wconf 62' lang='lat' dir='ltr'><strong>cos}</strong></span> <span class='ocrx_word' id='word_1_415' title='bbox 824 1750 864 1779; x_wconf 61' lang='lat' dir='ltr'><strong>A„</strong></span> <span class='ocrx_word' id='word_1_416' title='bbox 887 1750 972 1781; x_wconf 65' lang='lat' dir='ltr'><strong>Mum,</strong></span> <span class='ocrx_word' id='word_1_417' title='bbox 999 1750 1057 1775; x_wconf 65' lang='lat' dir='ltr'><strong>Cn:</strong></span> <span class='ocrx_word' id='word_1_418' title='bbox 1078 1750 1124 1774; x_wconf 88' lang='lat' dir='ltr'><strong>die</strong></span> <span class='ocrx_word' id='word_1_419' title='bbox 1143 1750 1244 1781; x_wconf 76' lang='lat' dir='ltr'><strong>aprilis</strong></span> <span class='ocrx_word' id='word_1_420' title='bbox 1265 1750 1369 1783; x_wconf 61' lang='lat' dir='ltr'><strong>xxviiij</strong></span> <span class='ocrx_word' id='word_1_421' title='bbox 1386 1750 1545 1774; x_wconf 70' lang='lat' dir='ltr'><strong>PiuscmNo</strong></span> <span class='ocrx_word' id='word_1_422' title='bbox 1560 1751 1603 1773; x_wconf 78' lang='lat' dir='ltr'><strong>che</strong></span> <span class='ocrx_word' id='word_1_423' title='bbox 1617 1749 1728 1774; x_wconf 69' lang='lat' dir='ltr'><strong>scambib</strong></span> <span class='ocrx_word' id='word_1_424' title='bbox 1742 1750 1769 1772; x_wconf 80' lang='lat' dir='ltr'><strong>la</strong></span> <span class='ocrx_word' id='word_1_425' title='bbox 1784 1750 1849 1772; x_wconf 81' lang='lat' dir='ltr'><strong>data</strong></span> <span class='ocrx_word' id='word_1_426' title='bbox 1862 1749 1935 1772; x_wconf 84' lang='lat' dir='ltr'><strong>della</strong></span> 
     </span>
     <span class='ocr_line' id='line_1_30' title="bbox 88 1791 1934 1825; baseline -0.002 -8"><span class='ocrx_word' id='word_1_427' title='bbox 88 1797 172 1823; x_wconf 77' lang='lat' dir='ltr'><strong>presa</strong></span> <span class='ocrx_word' id='word_1_428' title='bbox 192 1794 222 1817; x_wconf 82' lang='lat' dir='ltr'><strong>di</strong></span> <span class='ocrx_word' id='word_1_429' title='bbox 235 1793 423 1825; x_wconf 53' lang='lat' dir='ltr'><strong>Castelfranco</strong></span> <span class='ocrx_word' id='word_1_430' title='bbox 438 1801 482 1816; x_wconf 64' lang='lat' dir='ltr'><strong>clm</strong></span> <span class='ocrx_word' id='word_1_431' title='bbox 496 1794 584 1824; x_wconf 82' lang='lat' dir='ltr'><strong>quella</strong></span> <span class='ocrx_word' id='word_1_432' title='bbox 598 1794 644 1816; x_wconf 76' lang='lat' dir='ltr'><strong>del</strong></span> <span class='ocrx_word' id='word_1_433' title='bbox 662 1792 873 1816; x_wconf 77' lang='lat' dir='ltr'><strong>cominciamenlo</strong></span> <span class='ocrx_word' id='word_1_434' title='bbox 893 1792 962 1815; x_wconf 77' lang='lat' dir='ltr'><strong>delle</strong></span> <span class='ocrx_word' id='word_1_435' title='bbox 978 1801 1052 1816; x_wconf 82' lang='lat' dir='ltr'><strong>mura</strong></span> <span class='ocrx_word' id='word_1_436' title='bbox 1068 1792 1097 1815; x_wconf 85' lang='lat' dir='ltr'><strong>di</strong></span> <span class='ocrx_word' id='word_1_437' title='bbox 1116 1793 1231 1816; x_wconf 57' lang='lat' dir='ltr'><strong>lbsoderm</strong></span> <span class='ocrx_word' id='word_1_438' title='bbox 1251 1792 1317 1815; x_wconf 82' lang='lat' dir='ltr'><strong>data</strong></span> <span class='ocrx_word' id='word_1_439' title='bbox 1338 1793 1386 1816; x_wconf 81' lang='lat' dir='ltr'><strong>dal</strong></span> <span class='ocrx_word' id='word_1_440' title='bbox 1405 1792 1443 1815; x_wconf 85' lang='lat' dir='ltr'><strong>M.</strong></span> <span class='ocrx_word' id='word_1_441' title='bbox 1464 1804 1496 1808; x_wconf 90' lang='lat'>—</span> <span class='ocrx_word' id='word_1_442' title='bbox 1519 1798 1558 1822; x_wconf 85' lang='lat'><strong>15.</strong></span> <span class='ocrx_word' id='word_1_443' title='bbox 1582 1799 1596 1815; x_wconf 94' lang='lat' dir='ltr'><strong>e</strong></span> <span class='ocrx_word' id='word_1_444' title='bbox 1615 1792 1695 1815; x_wconf 80' lang='lat' dir='ltr'><strong>anche</strong></span> <span class='ocrx_word' id='word_1_445' title='bbox 1717 1791 1778 1820; x_wconf 81' lang='lat' dir='ltr'><strong>Cr.3</strong></span> <span class='ocrx_word' id='word_1_446' title='bbox 1799 1792 1840 1814; x_wconf 85' lang='lat' dir='ltr'><strong>est</strong></span> <span class='ocrx_word' id='word_1_447' title='bbox 1866 1798 1934 1813; x_wconf 86' lang='lat' dir='ltr'><strong>corr.</strong></span> 
     </span>
    </p>
   </div>
   <div class='ocr_carea' id='block_1_5' title="bbox 94 1834 594 1867">
    <p class='ocr_par' dir='ltr' id='par_1_6' title="bbox 94 1834 594 1867">
     <span class='ocr_line' id='line_1_31' title="bbox 94 1834 594 1867; baseline 0 -9"><span class='ocrx_word' id='word_1_448' title='bbox 94 1835 171 1860; x_wconf 70' lang='lat' dir='ltr'><strong>Mun.</strong></span> <span class='ocrx_word' id='word_1_449' title='bbox 190 1849 222 1853; x_wconf 97' lang='lat'><strong>—</strong></span> <span class='ocrx_word' id='word_1_450' title='bbox 246 1834 285 1859; x_wconf 83' lang='lat'><strong>18.</strong></span> <span class='ocrx_word' id='word_1_451' title='bbox 304 1836 332 1859; x_wconf 85' lang='lat' dir='ltr'><strong>et</strong></span> <span class='ocrx_word' id='word_1_452' title='bbox 351 1843 419 1867; x_wconf 72' lang='lat' dir='ltr'><strong>agg.</strong></span> <span class='ocrx_word' id='word_1_453' title='bbox 442 1835 528 1864; x_wconf 62' lang='lat' dir='ltr'><strong>Mun„</strong></span> <span class='ocrx_word' id='word_1_454' title='bbox 550 1835 594 1860; x_wconf 87' lang='lat' dir='ltr'><strong>Cr.</strong></span> 
     </span>
    </p>
   </div>
   <div class='ocr_carea' id='block_1_6' title="bbox 33 1912 1934 2156">
    <p class='ocr_par' dir='ltr' id='par_1_7' title="bbox 92 1912 1682 1945">
     <span class='ocr_line' id='line_1_32' title="bbox 92 1912 1682 1945; baseline -0.001 -6"><span class='ocrx_word' id='word_1_455' title='bbox 92 1916 164 1939; x_wconf 88' lang='lat' dir='ltr'><strong>tuire</strong></span> <span class='ocrx_word' id='word_1_456' title='bbox 191 1915 211 1939; x_wconf 89' lang='lat' dir='ltr'><strong>il</strong></span> <span class='ocrx_word' id='word_1_457' title='bbox 237 1917 318 1939; x_wconf 88' lang='lat' dir='ltr'><strong>testo.</strong></span> <span class='ocrx_word' id='word_1_458' title='bbox 355 1915 469 1939; x_wconf 81' lang='lat' dir='ltr'><strong>L&#39;abate</strong></span> <span class='ocrx_word' id='word_1_459' title='bbox 495 1916 522 1939; x_wconf 88' lang='lat' dir='ltr'><strong>di</strong></span> <span class='ocrx_word' id='word_1_460' title='bbox 543 1915 598 1939; x_wconf 87' lang='lat' dir='ltr'><strong>San</strong></span> <span class='ocrx_word' id='word_1_461' title='bbox 625 1913 770 1938; x_wconf 88' lang='lat' dir='ltr'><strong>Giovanni</strong></span> <span class='ocrx_word' id='word_1_462' title='bbox 802 1912 868 1945; x_wconf 73' lang='lat' dir='ltr'><strong>pote</strong></span> <span class='ocrx_word' id='word_1_463' title='bbox 897 1921 984 1937; x_wconf 79' lang='lat' dir='ltr'><strong>essere</strong></span> <span class='ocrx_word' id='word_1_464' title='bbox 1129 1912 1140 1928; x_wconf 72' lang='lat'><strong>²</strong></span> <span class='ocrx_word' id='word_1_465' title='bbox 1161 1914 1204 1938; x_wconf 83' lang='lat' dir='ltr'><strong>Cf.</strong></span> <span class='ocrx_word' id='word_1_466' title='bbox 1226 1921 1309 1945; x_wconf 86' lang='lat' dir='ltr'><strong>sopra</strong></span> <span class='ocrx_word' id='word_1_467' title='bbox 1330 1915 1357 1938; x_wconf 90' lang='lat' dir='ltr'><strong>la</strong></span> <span class='ocrx_word' id='word_1_468' title='bbox 1378 1917 1445 1938; x_wconf 87' lang='lat' dir='ltr'><strong>nota</strong></span> <span class='ocrx_word' id='word_1_469' title='bbox 1465 1913 1482 1938; x_wconf 88' lang='lat'>6</span> <span class='ocrx_word' id='word_1_470' title='bbox 1501 1914 1574 1938; x_wconf 87' lang='lat' dir='ltr'><strong>della</strong></span> <span class='ocrx_word' id='word_1_471' title='bbox 1594 1921 1619 1945; x_wconf 94' lang='lat' dir='ltr'><strong>p.</strong></span> <span class='ocrx_word' id='word_1_472' title='bbox 1640 1912 1682 1937; x_wconf 84' lang='lat'><strong>88.</strong></span> 
     </span>
    </p>

    <p class='ocr_par' dir='ltr' id='par_1_8' title="bbox 33 1954 1934 2073">
     <span class='ocr_line' id='line_1_33' title="bbox 33 1954 1934 1987; baseline -0.001 -7"><span class='ocrx_word' id='word_1_473' title='bbox 33 1961 64 1979; x_wconf 94' lang='lat'><strong>10</strong></span> <span class='ocrx_word' id='word_1_474' title='bbox 91 1957 192 1981; x_wconf 82' lang='lat' dir='ltr'><strong>l&#39;abate</strong></span> <span class='ocrx_word' id='word_1_475' title='bbox 211 1958 239 1982; x_wconf 90' lang='lat' dir='ltr'><strong>di</strong></span> <span class='ocrx_word' id='word_1_476' title='bbox 260 1957 315 1981; x_wconf 87' lang='lat' dir='ltr'><strong>San</strong></span> <span class='ocrx_word' id='word_1_477' title='bbox 335 1957 439 1983; x_wconf 79' lang='lat' dir='ltr'><strong>Pietro.</strong></span> <span class='ocrx_word' id='word_1_478' title='bbox 462 1958 490 1980; x_wconf 89' lang='lat' dir='ltr'><strong>in</strong></span> <span class='ocrx_word' id='word_1_479' title='bbox 517 1959 623 1987; x_wconf 90' lang='lat' dir='ltr'><strong>quanto</strong></span> <span class='ocrx_word' id='word_1_480' title='bbox 649 1957 684 1980; x_wconf 80' lang='lat' dir='ltr'><strong>da</strong></span> <span class='ocrx_word' id='word_1_481' title='bbox 711 1957 750 1979; x_wconf 86' lang='lat' dir='ltr'><strong>lui</strong></span> <span class='ocrx_word' id='word_1_482' title='bbox 777 1956 934 1987; x_wconf 76' lang='lat' dir='ltr'><strong>dipendeva</strong></span> <span class='ocrx_word' id='word_1_483' title='bbox 960 1955 986 1979; x_wconf 84' lang='lat' dir='ltr'><strong>la</strong></span> <span class='ocrx_word' id='word_1_484' title='bbox 1129 1954 1139 1970; x_wconf 75' lang='lat'>³</span> <span class='ocrx_word' id='word_1_485' title='bbox 1152 1955 1287 1980; x_wconf 84' lang='lat' dir='ltr'><strong>Galeazzo</strong></span> <span class='ocrx_word' id='word_1_486' title='bbox 1302 1957 1620 1983; x_wconf 78' lang='lat' dir='ltr'><strong>Visconti,richiamato</strong></span> <span class='ocrx_word' id='word_1_487' title='bbox 1631 1957 1675 1980; x_wconf 86' lang='lat' dir='ltr'><strong>dai</strong></span> <span class='ocrx_word' id='word_1_488' title='bbox 1689 1955 1791 1979; x_wconf 83' lang='lat' dir='ltr'><strong>soldati</strong></span> <span class='ocrx_word' id='word_1_489' title='bbox 1804 1955 1934 1982; x_wconf 79' lang='lat' dir='ltr'><strong>tedeschi.</strong></span> 
     </span>
     <span class='ocr_line' id='line_1_34' title="bbox 92 1996 1933 2029; baseline -0.002 -5"><span class='ocrx_word' id='word_1_490' title='bbox 92 2000 184 2024; x_wconf 84' lang='lat' dir='ltr'><strong>chiesa</strong></span> <span class='ocrx_word' id='word_1_491' title='bbox 203 2001 280 2024; x_wconf 83' lang='lat' dir='ltr'><strong>detta</strong></span> <span class='ocrx_word' id='word_1_492' title='bbox 294 2001 321 2023; x_wconf 90' lang='lat' dir='ltr'><strong>di</strong></span> <span class='ocrx_word' id='word_1_493' title='bbox 337 2000 390 2024; x_wconf 87' lang='lat' dir='ltr'><strong>San</strong></span> <span class='ocrx_word' id='word_1_494' title='bbox 407 1999 552 2024; x_wconf 80' lang='lat' dir='ltr'><strong>Giovanni</strong></span> <span class='ocrx_word' id='word_1_495' title='bbox 568 1999 691 2023; x_wconf 77' lang='lat' dir='ltr'><strong>VecehIo</strong></span> <span class='ocrx_word' id='word_1_496' title='bbox 703 1999 839 2023; x_wconf 85' lang='lat' dir='ltr'><strong>demolita</strong></span> <span class='ocrx_word' id='word_1_497' title='bbox 861 1998 903 2021; x_wconf 84' lang='lat' dir='ltr'><strong>nel</strong></span> <span class='ocrx_word' id='word_1_498' title='bbox 922 1997 985 2029; x_wconf 89' lang='lat'>1765</span> <span class='ocrx_word' id='word_1_499' title='bbox 1042 2005 1087 2020; x_wconf 83' lang='lat' dir='ltr'><strong>era</strong></span> <span class='ocrx_word' id='word_1_500' title='bbox 1108 1998 1244 2021; x_wconf 74' lang='lat' dir='ltr'><strong>rientrato</strong></span> <span class='ocrx_word' id='word_1_501' title='bbox 1266 1999 1293 2020; x_wconf 84' lang='lat' dir='ltr'><strong>in</strong></span> <span class='ocrx_word' id='word_1_502' title='bbox 1315 1997 1425 2021; x_wconf 85' lang='lat' dir='ltr'><strong>Milano</strong></span> <span class='ocrx_word' id='word_1_503' title='bbox 1445 2005 1459 2021; x_wconf 92' lang='lat' dir='ltr'><strong>e</strong></span> <span class='ocrx_word' id='word_1_504' title='bbox 1480 2005 1513 2021; x_wconf 86' lang='lat' dir='ltr'><strong>ne</strong></span> <span class='ocrx_word' id='word_1_505' title='bbox 1533 2005 1618 2021; x_wconf 83' lang='lat' dir='ltr'><strong>aveva</strong></span> <span class='ocrx_word' id='word_1_506' title='bbox 1639 1998 1743 2028; x_wconf 83' lang='lat' dir='ltr'><strong>ripresa</strong></span> <span class='ocrx_word' id='word_1_507' title='bbox 1760 1996 1787 2020; x_wconf 82' lang='lat' dir='ltr'><strong>la</strong></span> <span class='ocrx_word' id='word_1_508' title='bbox 1808 1997 1933 2027; x_wconf 84' lang='lat' dir='ltr'><strong>signoria</strong></span> 
     </span>
     <span class='ocr_line' id='line_1_35' title="bbox 91 2038 1933 2073; baseline -0.002 -8"><span class='ocrx_word' id='word_1_509' title='bbox 91 2041 215 2073; x_wconf 51' lang='lat' dir='ltr'><strong>(Timum,</strong></span> <span class='ocrx_word' id='word_1_510' title='bbox 236 2043 316 2065; x_wconf 59' lang='lat' dir='ltr'><strong>splene.</strong></span> <span class='ocrx_word' id='word_1_511' title='bbox 335 2045 376 2071; x_wconf 60' lang='lat' dir='ltr'><strong>st„</strong></span> <span class='ocrx_word' id='word_1_512' title='bbox 398 2042 443 2069; x_wconf 73' lang='grc' dir='ltr'>ΙΙΙ,</span> <span class='ocrx_word' id='word_1_513' title='bbox 467 2041 534 2073; x_wconf 82' lang='lat'><strong>183).</strong></span> <span class='ocrx_word' id='word_1_514' title='bbox 1043 2040 1062 2062; x_wconf 93' lang='lat' dir='ltr'><strong>il</strong></span> <span class='ocrx_word' id='word_1_515' title='bbox 1083 2047 1098 2070; x_wconf 86' lang='lat'>9</span> <span class='ocrx_word' id='word_1_516' title='bbox 1119 2040 1257 2063; x_wconf 74' lang='lat' dir='ltr'><strong>dicembre</strong></span> <span class='ocrx_word' id='word_1_517' title='bbox 1280 2046 1343 2071; x_wconf 82' lang='lat'>1322</span> <span class='ocrx_word' id='word_1_518' title='bbox 1364 2039 1410 2070; x_wconf 81' lang='lat' dir='ltr'><strong>(cf.</strong></span> <span class='ocrx_word' id='word_1_519' title='bbox 1434 2038 1467 2063; x_wconf 89' lang='lat' dir='ltr'><strong>G.</strong></span> <span class='ocrx_word' id='word_1_520' title='bbox 1495 2039 1630 2070; x_wconf 66' lang='lat' dir='ltr'><strong>F1.mm.x,</strong></span> <span class='ocrx_word' id='word_1_521' title='bbox 1659 2041 1687 2062; x_wconf 86' lang='lat' dir='ltr'><strong>in</strong></span> <span class='ocrx_word' id='word_1_522' title='bbox 1717 2040 1780 2062; x_wconf 74' lang='lat' dir='ltr'><strong>RH.</strong></span> <span class='ocrx_word' id='word_1_523' title='bbox 1809 2039 1847 2062; x_wconf 89' lang='lat' dir='ltr'><strong>Il.</strong></span> <span class='ocrx_word' id='word_1_524' title='bbox 1875 2038 1933 2062; x_wconf 81' lang='lat' dir='ltr'><strong>SS..</strong></span> 
     </span>
    </p>

    <p class='ocr_par' dir='ltr' id='par_1_9' title="bbox 91 2080 1933 2156">
     <span class='ocr_line' id='line_1_36' title="bbox 180 2080 1757 2114; baseline -0.002 -7"><span class='ocrx_word' id='word_1_525' title='bbox 180 2081 188 2098; x_wconf 91' lang='lat'>¹</span> <span class='ocrx_word' id='word_1_526' title='bbox 209 2082 304 2107; x_wconf 92' lang='lat' dir='ltr'><strong>Guido</strong></span> <span class='ocrx_word' id='word_1_527' title='bbox 324 2083 458 2110; x_wconf 83' lang='lat' dir='ltr'><strong>Novello,</strong></span> <span class='ocrx_word' id='word_1_528' title='bbox 480 2084 499 2106; x_wconf 94' lang='lat' dir='ltr'><strong>il</strong></span> <span class='ocrx_word' id='word_1_529' title='bbox 521 2085 677 2114; x_wconf 83' lang='lat' dir='ltr'><strong>protettore</strong></span> <span class='ocrx_word' id='word_1_530' title='bbox 704 2083 731 2105; x_wconf 84' lang='lat' dir='ltr'><strong>di</strong></span> <span class='ocrx_word' id='word_1_531' title='bbox 760 2082 860 2109; x_wconf 84' lang='lat' dir='ltr'><strong>Dante,</strong></span> <span class='ocrx_word' id='word_1_532' title='bbox 887 2084 985 2105; x_wconf 78' lang='lat' dir='ltr'><strong>teneva</strong></span> <span class='ocrx_word' id='word_1_533' title='bbox 1042 2081 1088 2111; x_wconf 80' lang='lat' dir='ltr'><strong>XI,</strong></span> <span class='ocrx_word' id='word_1_534' title='bbox 1109 2089 1166 2112; x_wconf 82' lang='lat' dir='ltr'><strong>cap.</strong></span> <span class='ocrx_word' id='word_1_535' title='bbox 1187 2080 1251 2112; x_wconf 86' lang='lat' dir='ltr'>36x;</span> <span class='ocrx_word' id='word_1_536' title='bbox 1273 2082 1415 2109; x_wconf 64' lang='lat' dir='ltr'>MORIGYA,</span> <span class='ocrx_word' id='word_1_537' title='bbox 1438 2082 1486 2109; x_wconf 79' lang='lat' dir='ltr'><strong>ivi,</strong></span> <span class='ocrx_word' id='word_1_538' title='bbox 1508 2081 1568 2108; x_wconf 87' lang='lat' dir='ltr'>XII,</span> <span class='ocrx_word' id='word_1_539' title='bbox 1592 2080 1757 2112; x_wconf 78' lang='lat'>1121·11²4)·</span> 
     </span>
     <span class='ocr_line' id='line_1_37' title="bbox 91 2121 1933 2156; baseline -0.002 -7"><span class='ocrx_word' id='word_1_540' title='bbox 91 2126 118 2149; x_wconf 88' lang='lat' dir='ltr'><strong>la</strong></span> <span class='ocrx_word' id='word_1_541' title='bbox 139 2126 264 2156; x_wconf 84' lang='lat' dir='ltr'><strong>signoria</strong></span> <span class='ocrx_word' id='word_1_542' title='bbox 286 2126 313 2149; x_wconf 87' lang='lat' dir='ltr'><strong>in</strong></span> <span class='ocrx_word' id='word_1_543' title='bbox 328 2125 463 2149; x_wconf 86' lang='lat' dir='ltr'><strong>Ravenna</strong></span> <span class='ocrx_word' id='word_1_544' title='bbox 484 2125 530 2148; x_wconf 85' lang='lat' dir='ltr'><strong>dal</strong></span> <span class='ocrx_word' id='word_1_545' title='bbox 553 2124 633 2155; x_wconf 83' lang='lat'><strong>1316.-</strong></span> <span class='ocrx_word' id='word_1_546' title='bbox 649 2126 677 2147; x_wconf 79' lang='lat' dir='ltr'><strong>tu</strong></span> <span class='ocrx_word' id='word_1_547' title='bbox 698 2124 838 2147; x_wconf 82' lang='lat' dir='ltr'><strong>chiamato</strong></span> <span class='ocrx_word' id='word_1_548' title='bbox 852 2125 985 2154; x_wconf 81' lang='lat' dir='ltr'><strong>capitano</strong></span> <span class='ocrx_word' id='word_1_549' title='bbox 1129 2121 1140 2138; x_wconf 82' lang='lat'><strong>4</strong></span> <span class='ocrx_word' id='word_1_550' title='bbox 1155 2123 1195 2147; x_wconf 87' lang='lat' dir='ltr'><strong>La</strong></span> <span class='ocrx_word' id='word_1_551' title='bbox 1210 2123 1338 2147; x_wconf 76' lang='lat' dir='ltr'><strong>sconfitta</strong></span> <span class='ocrx_word' id='word_1_552' title='bbox 1352 2124 1381 2147; x_wconf 85' lang='lat' dir='ltr'><strong>di</strong></span> <span class='ocrx_word' id='word_1_553' title='bbox 1395 2123 1490 2147; x_wconf 84' lang='lat' dir='ltr'><strong>Marco</strong></span> <span class='ocrx_word' id='word_1_554' title='bbox 1502 2123 1631 2147; x_wconf 85' lang='lat' dir='ltr'><strong>Visconti</strong></span> <span class='ocrx_word' id='word_1_555' title='bbox 1647 2124 1672 2147; x_wconf 87' lang='lat' dir='ltr'><strong>al</strong></span> <span class='ocrx_word' id='word_1_556' title='bbox 1683 2123 1764 2146; x_wconf 87' lang='lat' dir='ltr'><strong>fiume</strong></span> <span class='ocrx_word' id='word_1_557' title='bbox 1777 2122 1858 2146; x_wconf 80' lang='lat' dir='ltr'><strong>Adda</strong></span> <span class='ocrx_word' id='word_1_558' title='bbox 1872 2122 1899 2145; x_wconf 82' lang='lat' dir='ltr'><strong>fu</strong></span> <span class='ocrx_word' id='word_1_559' title='bbox 1912 2122 1933 2145; x_wconf 89' lang='lat' dir='ltr'><strong>il</strong></span> 
     </span>
    </p>
   </div>
   <div class='ocr_carea' id='block_1_7' title="bbox 28 2164 1933 2991">
    <p class='ocr_par' dir='ltr' id='par_1_10' title="bbox 32 2164 1933 2365">
     <span class='ocr_line' id='line_1_38' title="bbox 32 2164 1933 2199; baseline -0.002 -8"><span class='ocrx_word' id='word_1_560' title='bbox 32 2172 61 2197; x_wconf 82' lang='lat'><strong>15</strong></span> <span class='ocrx_word' id='word_1_561' title='bbox 91 2168 135 2191; x_wconf 86' lang='lat' dir='ltr'><strong>del</strong></span> <span class='ocrx_word' id='word_1_562' title='bbox 156 2168 264 2199; x_wconf 91' lang='lat' dir='ltr'><strong>popolo</strong></span> <span class='ocrx_word' id='word_1_563' title='bbox 292 2175 306 2191; x_wconf 89' lang='lat' dir='ltr'><strong>a</strong></span> <span class='ocrx_word' id='word_1_564' title='bbox 332 2167 462 2198; x_wconf 87' lang='lat' dir='ltr'><strong>Bologna</strong></span> <span class='ocrx_word' id='word_1_565' title='bbox 489 2174 541 2190; x_wconf 83' lang='lat' dir='ltr'><strong>con</strong></span> <span class='ocrx_word' id='word_1_566' title='bbox 569 2167 778 2190; x_wconf 74' lang='lat' dir='ltr'><strong>deliberazione</strong></span> <span class='ocrx_word' id='word_1_567' title='bbox 803 2166 847 2189; x_wconf 85' lang='lat' dir='ltr'><strong>del</strong></span> <span class='ocrx_word' id='word_1_568' title='bbox 875 2172 904 2189; x_wconf 85' lang='lat'><strong>22</strong></span> <span class='ocrx_word' id='word_1_569' title='bbox 933 2166 986 2189; x_wconf 85' lang='lat' dir='ltr'><strong>seb-</strong></span> <span class='ocrx_word' id='word_1_570' title='bbox 1042 2171 1072 2195; x_wconf 78' lang='lat'><strong>25</strong></span> <span class='ocrx_word' id='word_1_571' title='bbox 1096 2166 1221 2189; x_wconf 81' lang='lat' dir='ltr'><strong>febbraio</strong></span> <span class='ocrx_word' id='word_1_572' title='bbox 1246 2165 1369 2197; x_wconf 66' lang='lat' dir='ltr'><strong>1323(G.</strong></span> <span class='ocrx_word' id='word_1_573' title='bbox 1391 2166 1524 2192; x_wconf 63' lang='lat' dir='ltr'><strong>Vnmm,</strong></span> <span class='ocrx_word' id='word_1_574' title='bbox 1541 2166 1595 2191; x_wconf 64' lang='lat' dir='ltr'><strong>Cr„</strong></span> <span class='ocrx_word' id='word_1_575' title='bbox 1610 2165 1655 2193; x_wconf 82' lang='lat' dir='ltr'><strong>IX,</strong></span> <span class='ocrx_word' id='word_1_576' title='bbox 1672 2164 1746 2196; x_wconf 85' lang='lat'>189):</span> <span class='ocrx_word' id='word_1_577' title='bbox 1761 2165 1933 2188; x_wconf 77' lang='lat' dir='ltr'><strong>comandava</strong></span> 
     </span>
     <span class='ocr_line' id='line_1_39' title="bbox 91 2206 1933 2240; baseline -0.002 -6"><span class='ocrx_word' id='word_1_578' title='bbox 91 2210 171 2234; x_wconf 85' lang='lat' dir='ltr'><strong>braio</strong></span> <span class='ocrx_word' id='word_1_579' title='bbox 194 2216 273 2240; x_wconf 82' lang='lat'>1322;</span> <span class='ocrx_word' id='word_1_580' title='bbox 294 2211 432 2233; x_wconf 83' lang='lat' dir='ltr'><strong>accettato</strong></span> <span class='ocrx_word' id='word_1_581' title='bbox 447 2209 577 2237; x_wconf 74' lang='lat' dir='ltr'><strong>l’ufficio,</strong></span> <span class='ocrx_word' id='word_1_582' title='bbox 592 2210 613 2231; x_wconf 87' lang='lat' dir='ltr'><strong>si</strong></span> <span class='ocrx_word' id='word_1_583' title='bbox 631 2207 692 2232; x_wconf 59' lang='lat' dir='ltr'><strong>reto</strong></span> <span class='ocrx_word' id='word_1_584' title='bbox 707 2209 739 2231; x_wconf 83' lang='lat' dir='ltr'><strong>ad</strong></span> <span class='ocrx_word' id='word_1_585' title='bbox 756 2208 917 2231; x_wconf 87' lang='lat' dir='ltr'><strong>esercitarlo</strong></span> <span class='ocrx_word' id='word_1_586' title='bbox 930 2208 985 2231; x_wconf 78' lang='lat' dir='ltr'><strong>alla</strong></span> <span class='ocrx_word' id='word_1_587' title='bbox 1040 2207 1065 2230; x_wconf 88' lang='lat' dir='ltr'><strong>le</strong></span> <span class='ocrx_word' id='word_1_588' title='bbox 1086 2208 1190 2231; x_wconf 86' lang='lat' dir='ltr'><strong>milizie</strong></span> <span class='ocrx_word' id='word_1_589' title='bbox 1209 2207 1417 2231; x_wconf 80' lang='lat' dir='ltr'><strong>ecclesiastiche</strong></span> <span class='ocrx_word' id='word_1_590' title='bbox 1430 2206 1590 2231; x_wconf 83' lang='lat' dir='ltr'><strong>Raimondo</strong></span> <span class='ocrx_word' id='word_1_591' title='bbox 1610 2208 1637 2230; x_wconf 87' lang='lat' dir='ltr'><strong>di</strong></span> <span class='ocrx_word' id='word_1_592' title='bbox 1659 2206 1797 2234; x_wconf 79' lang='lat' dir='ltr'><strong>Cardona.</strong></span> <span class='ocrx_word' id='word_1_593' title='bbox 1819 2207 1838 2230; x_wconf 88' lang='lat' dir='ltr'><strong>il</strong></span> <span class='ocrx_word' id='word_1_594' title='bbox 1853 2207 1933 2237; x_wconf 82' lang='lat' dir='ltr'><strong>quale</strong></span> 
     </span>
     <span class='ocr_line' id='line_1_40' title="bbox 91 2246 1931 2279; baseline -0.003 -4"><span class='ocrx_word' id='word_1_595' title='bbox 91 2251 144 2275; x_wconf 88' lang='lat' dir='ltr'><strong>fine</strong></span> <span class='ocrx_word' id='word_1_596' title='bbox 163 2252 191 2276; x_wconf 91' lang='lat' dir='ltr'><strong>di</strong></span> <span class='ocrx_word' id='word_1_597' title='bbox 213 2259 313 2279; x_wconf 80' lang='lat' dir='ltr'><strong>marzo,</strong></span> <span class='ocrx_word' id='word_1_598' title='bbox 335 2251 479 2275; x_wconf 81' lang='lat' dir='ltr'><strong>lasciando</strong></span> <span class='ocrx_word' id='word_1_599' title='bbox 505 2250 639 2274; x_wconf 80' lang='lat' dir='ltr'><strong>Ravenna</strong></span> <span class='ocrx_word' id='word_1_600' title='bbox 670 2251 698 2273; x_wconf 85' lang='lat' dir='ltr'><strong>in</strong></span> <span class='ocrx_word' id='word_1_601' title='bbox 726 2250 853 2273; x_wconf 81' lang='lat' dir='ltr'><strong>custodia</strong></span> <span class='ocrx_word' id='word_1_602' title='bbox 881 2250 907 2273; x_wconf 85' lang='lat' dir='ltr'><strong>al</strong></span> <span class='ocrx_word' id='word_1_603' title='bbox 936 2250 986 2272; x_wconf 77' lang='lat' dir='ltr'><strong>srn-</strong></span> <span class='ocrx_word' id='word_1_604' title='bbox 1042 2248 1060 2270; x_wconf 88' lang='lat' dir='ltr'><strong>il</strong></span> <span class='ocrx_word' id='word_1_605' title='bbox 1078 2254 1089 2270; x_wconf 81' lang='lat'>2</span> <span class='ocrx_word' id='word_1_606' title='bbox 1111 2248 1200 2279; x_wconf 79' lang='lat' dir='ltr'><strong>aprile</strong></span> <span class='ocrx_word' id='word_1_607' title='bbox 1221 2246 1329 2278; x_wconf 73' lang='lat' dir='ltr'><strong>occupo</strong></span> <span class='ocrx_word' id='word_1_608' title='bbox 1350 2247 1540 2275; x_wconf 72' lang='lat' dir='ltr'><strong>Alessandria‚</strong></span> <span class='ocrx_word' id='word_1_609' title='bbox 1561 2247 1610 2270; x_wconf 72' lang='lat' dir='ltr'><strong>che</strong></span> <span class='ocrx_word' id='word_1_610' title='bbox 1626 2248 1656 2270; x_wconf 85' lang='lat' dir='ltr'><strong>su</strong></span> <span class='ocrx_word' id='word_1_611' title='bbox 1670 2247 1807 2270; x_wconf 84' lang='lat' dir='ltr'><strong>assediata</strong></span> <span class='ocrx_word' id='word_1_612' title='bbox 1821 2254 1873 2278; x_wconf 92' lang='lat' dir='ltr'><strong>pur</strong></span> <span class='ocrx_word' id='word_1_613' title='bbox 1886 2247 1931 2270; x_wconf 84' lang='lat' dir='ltr'><strong>dai</strong></span> 
     </span>
     <span class='ocr_line' id='line_1_41' title="bbox 91 2287 1933 2322; baseline -0.002 -5"><span class='ocrx_word' id='word_1_614' title='bbox 91 2293 161 2317; x_wconf 78' lang='lat' dir='ltr'><strong>tello</strong></span> <span class='ocrx_word' id='word_1_615' title='bbox 180 2293 322 2318; x_wconf 83' lang='lat' dir='ltr'><strong>Rainaldo</strong></span> <span class='ocrx_word' id='word_1_616' title='bbox 342 2295 525 2317; x_wconf 82' lang='lat' dir='ltr'><strong>arcivescovo</strong></span> <span class='ocrx_word' id='word_1_617' title='bbox 552 2292 626 2316; x_wconf 86' lang='lat' dir='ltr'><strong>della</strong></span> <span class='ocrx_word' id='word_1_618' title='bbox 647 2289 728 2316; x_wconf 64' lang='lat' dir='ltr'><strong>citta:</strong></span> <span class='ocrx_word' id='word_1_619' title='bbox 749 2292 805 2322; x_wconf 82' lang='lat' dir='ltr'><strong>egli</strong></span> <span class='ocrx_word' id='word_1_620' title='bbox 833 2294 912 2315; x_wconf 82' lang='lat' dir='ltr'><strong>stava</strong></span> <span class='ocrx_word' id='word_1_621' title='bbox 938 2299 985 2322; x_wconf 85' lang='lat' dir='ltr'><strong>per</strong></span> <span class='ocrx_word' id='word_1_622' title='bbox 1040 2290 1185 2313; x_wconf 82' lang='lat' dir='ltr'><strong>Viscontei</strong></span> <span class='ocrx_word' id='word_1_623' title='bbox 1200 2290 1273 2320; x_wconf 77' lang='lat' dir='ltr'><strong>(Chr.</strong></span> <span class='ocrx_word' id='word_1_624' title='bbox 1289 2293 1345 2319; x_wconf 61' lang='lat' dir='ltr'><strong>asa,</strong></span> <span class='ocrx_word' id='word_1_625' title='bbox 1364 2290 1392 2312; x_wconf 89' lang='lat' dir='ltr'><strong>in</strong></span> <span class='ocrx_word' id='word_1_626' title='bbox 1410 2291 1472 2313; x_wconf 64' lang='grc' dir='ltr'><strong>[ΒΕ.</strong></span> <span class='ocrx_word' id='word_1_627' title='bbox 1489 2290 1527 2312; x_wconf 86' lang='lat' dir='ltr'><strong>ll.</strong></span> <span class='ocrx_word' id='word_1_628' title='bbox 1543 2289 1601 2316; x_wconf 62' lang='lat' dir='ltr'><strong>SS„</strong></span> <span class='ocrx_word' id='word_1_629' title='bbox 1615 2289 1661 2316; x_wconf 90' lang='lat' dir='ltr'><strong>XI,</strong></span> <span class='ocrx_word' id='word_1_630' title='bbox 1676 2287 1816 2319; x_wconf 74' lang='lat'><strong>264-265):</strong></span> <span class='ocrx_word' id='word_1_631' title='bbox 1831 2289 1857 2312; x_wconf 85' lang='lat' dir='ltr'><strong>la</strong></span> <span class='ocrx_word' id='word_1_632' title='bbox 1872 2290 1933 2313; x_wconf 78' lang='lat' dir='ltr'><strong>riti-</strong></span> 
     </span>
     <span class='ocr_line' id='line_1_42' title="bbox 92 2330 1932 2365; baseline -0.003 -6"><span class='ocrx_word' id='word_1_633' title='bbox 92 2336 230 2359; x_wconf 87' lang='lat' dir='ltr'><strong>ritornare</strong></span> <span class='ocrx_word' id='word_1_634' title='bbox 251 2335 305 2359; x_wconf 88' lang='lat' dir='ltr'><strong>alla</strong></span> <span class='ocrx_word' id='word_1_635' title='bbox 325 2342 373 2358; x_wconf 91' lang='lat' dir='ltr'><strong>sua</strong></span> <span class='ocrx_word' id='word_1_636' title='bbox 401 2336 527 2365; x_wconf 86' lang='lat' dir='ltr'><strong>signoria</strong></span> <span class='ocrx_word' id='word_1_637' title='bbox 548 2335 698 2357; x_wconf 80' lang='lat' dir='ltr'><strong>ravennate</strong></span> <span class='ocrx_word' id='word_1_638' title='bbox 719 2331 850 2363; x_wconf 74' lang='lat' dir='ltr'><strong>allorch&#39;e,</strong></span> <span class='ocrx_word' id='word_1_639' title='bbox 880 2333 906 2356; x_wconf 91' lang='lat' dir='ltr'><strong>la</strong></span> <span class='ocrx_word' id='word_1_640' title='bbox 926 2341 985 2357; x_wconf 84' lang='lat' dir='ltr'><strong>sera</strong></span> <span class='ocrx_word' id='word_1_641' title='bbox 1041 2333 1099 2355; x_wconf 79' lang='lat' dir='ltr'><strong>rata</strong></span> <span class='ocrx_word' id='word_1_642' title='bbox 1113 2331 1187 2362; x_wconf 82' lang='lat' dir='ltr'><strong>degli</strong></span> <span class='ocrx_word' id='word_1_643' title='bbox 1203 2332 1385 2355; x_wconf 86' lang='lat' dir='ltr'><strong>ecclesiastici</strong></span> <span class='ocrx_word' id='word_1_644' title='bbox 1407 2339 1421 2355; x_wconf 91' lang='lat' dir='ltr'><strong>a</strong></span> <span class='ocrx_word' id='word_1_645' title='bbox 1440 2331 1550 2356; x_wconf 79' lang='lat' dir='ltr'><strong>Monza.</strong></span> <span class='ocrx_word' id='word_1_646' title='bbox 1572 2331 1602 2354; x_wconf 91' lang='lat' dir='ltr'><strong>fu</strong></span> <span class='ocrx_word' id='word_1_647' title='bbox 1621 2331 1693 2355; x_wconf 89' lang='lat' dir='ltr'><strong>sulla</strong></span> <span class='ocrx_word' id='word_1_648' title='bbox 1711 2330 1764 2354; x_wconf 89' lang='lat' dir='ltr'><strong>fine</strong></span> <span class='ocrx_word' id='word_1_649' title='bbox 1784 2331 1811 2354; x_wconf 92' lang='lat' dir='ltr'><strong>di</strong></span> <span class='ocrx_word' id='word_1_650' title='bbox 1833 2331 1932 2362; x_wconf 85' lang='lat' dir='ltr'><strong>luglio.</strong></span> 
     </span>
    </p>

    <p class='ocr_par' dir='ltr' id='par_1_11' title="bbox 31 2371 1932 2574">
     <span class='ocr_line' id='line_1_43' title="bbox 31 2371 1931 2407; baseline -0.003 -6"><span class='ocrx_word' id='word_1_651' title='bbox 31 2384 64 2401; x_wconf 90' lang='lat'><strong>20</strong></span> <span class='ocrx_word' id='word_1_652' title='bbox 91 2376 135 2400; x_wconf 86' lang='lat' dir='ltr'><strong>del</strong></span> <span class='ocrx_word' id='word_1_653' title='bbox 153 2383 183 2407; x_wconf 93' lang='lat'><strong>19</strong></span> <span class='ocrx_word' id='word_1_654' title='bbox 197 2376 351 2401; x_wconf 81' lang='lat' dir='ltr'><strong>settembre.</strong></span> <span class='ocrx_word' id='word_1_655' title='bbox 363 2383 414 2399; x_wconf 88' lang='lat' dir='ltr'><strong>suo</strong></span> <span class='ocrx_word' id='word_1_656' title='bbox 425 2377 530 2407; x_wconf 76' lang='lat' dir='ltr'><strong>cugIno</strong></span> <span class='ocrx_word' id='word_1_657' title='bbox 544 2374 666 2404; x_wconf 83' lang='lat' dir='ltr'><strong>Ostasio,</strong></span> <span class='ocrx_word' id='word_1_658' title='bbox 684 2375 900 2405; x_wconf 83' lang='lat' dir='ltr'><strong>impadronitosi</strong></span> <span class='ocrx_word' id='word_1_659' title='bbox 912 2374 985 2398; x_wconf 85' lang='lat' dir='ltr'><strong>delle</strong></span> <span class='ocrx_word' id='word_1_660' title='bbox 1127 2371 1137 2386; x_wconf 82' lang='lat'>5</span> <span class='ocrx_word' id='word_1_661' title='bbox 1156 2373 1237 2396; x_wconf 83' lang='lat' dir='ltr'><strong>Delle</strong></span> <span class='ocrx_word' id='word_1_662' title='bbox 1256 2373 1330 2396; x_wconf 85' lang='lat' dir='ltr'><strong>sonti</strong></span> <span class='ocrx_word' id='word_1_663' title='bbox 1353 2373 1499 2404; x_wconf 84' lang='lat' dir='ltr'><strong>bolognesi</strong></span> <span class='ocrx_word' id='word_1_664' title='bbox 1515 2372 1578 2396; x_wconf 87' lang='lat' dir='ltr'><strong>solo</strong></span> <span class='ocrx_word' id='word_1_665' title='bbox 1594 2373 1614 2395; x_wconf 88' lang='lat' dir='ltr'><strong>il</strong></span> <span class='ocrx_word' id='word_1_666' title='bbox 1631 2372 1737 2396; x_wconf 90' lang='lat' dir='ltr'><strong>Villola</strong></span> <span class='ocrx_word' id='word_1_667' title='bbox 1751 2371 1866 2402; x_wconf 77' lang='lat' dir='ltr'><strong>(Corpus</strong></span> <span class='ocrx_word' id='word_1_668' title='bbox 1879 2373 1931 2396; x_wconf 74' lang='lat' dir='ltr'><strong>chr.</strong></span> 
     </span>
     <span class='ocr_line' id='line_1_44' title="bbox 91 2412 1932 2448; baseline -0.002 -7"><span class='ocrx_word' id='word_1_669' title='bbox 91 2418 183 2441; x_wconf 84' lang='lat' dir='ltr'><strong>chiavi</strong></span> <span class='ocrx_word' id='word_1_670' title='bbox 204 2417 234 2441; x_wconf 85' lang='lat' dir='ltr'><strong>di</strong></span> <span class='ocrx_word' id='word_1_671' title='bbox 254 2425 310 2441; x_wconf 89' lang='lat' dir='ltr'><strong>una</strong></span> <span class='ocrx_word' id='word_1_672' title='bbox 330 2420 419 2448; x_wconf 85' lang='lat' dir='ltr'><strong>porta,</strong></span> <span class='ocrx_word' id='word_1_673' title='bbox 443 2418 602 2441; x_wconf 85' lang='lat' dir='ltr'><strong>introdusse</strong></span> <span class='ocrx_word' id='word_1_674' title='bbox 623 2418 650 2439; x_wconf 89' lang='lat' dir='ltr'><strong>in</strong></span> <span class='ocrx_word' id='word_1_675' title='bbox 671 2415 806 2440; x_wconf 74' lang='lat' dir='ltr'><strong>Ravenna</strong></span> <span class='ocrx_word' id='word_1_676' title='bbox 825 2423 880 2439; x_wconf 89' lang='lat' dir='ltr'><strong>una</strong></span> <span class='ocrx_word' id='word_1_677' title='bbox 900 2423 983 2439; x_wconf 89' lang='lat' dir='ltr'><strong>mano</strong></span> <span class='ocrx_word' id='word_1_678' title='bbox 1040 2415 1115 2444; x_wconf 60' lang='lat' dir='ltr'><strong>Bon„</strong></span> <span class='ocrx_word' id='word_1_679' title='bbox 1135 2414 1205 2438; x_wconf 88' lang='lat' dir='ltr'><strong>ediz.</strong></span> <span class='ocrx_word' id='word_1_680' title='bbox 1226 2415 1356 2443; x_wconf 85' lang='lat' dir='ltr'><strong>SorbeHi,</strong></span> <span class='ocrx_word' id='word_1_681' title='bbox 1376 2415 1408 2443; x_wconf 81' lang='grc' dir='ltr'><strong>ΙΙ,</strong></span> <span class='ocrx_word' id='word_1_682' title='bbox 1428 2414 1500 2446; x_wconf 77' lang='grc'>355),</span> <span class='ocrx_word' id='word_1_683' title='bbox 1520 2412 1554 2438; x_wconf 67' lang='grc' dir='ltr'><strong>ἀὲ</strong></span> <span class='ocrx_word' id='word_1_684' title='bbox 1569 2415 1596 2438; x_wconf 91' lang='lat' dir='ltr'><strong>la</strong></span> <span class='ocrx_word' id='word_1_685' title='bbox 1610 2415 1676 2438; x_wconf 87' lang='lat' dir='ltr'><strong>data</strong></span> <span class='ocrx_word' id='word_1_686' title='bbox 1690 2415 1734 2438; x_wconf 86' lang='lat' dir='ltr'><strong>del</strong></span> <span class='ocrx_word' id='word_1_687' title='bbox 1756 2414 1844 2442; x_wconf 77' lang='lat' dir='ltr'><strong>fatto:</strong></span> <span class='ocrx_word' id='word_1_688' title='bbox 1867 2415 1879 2426; x_wconf 77' lang='lat'><em>“</em></span> <span class='ocrx_word' id='word_1_689' title='bbox 1892 2414 1932 2438; x_wconf 82' lang='lat' dir='ltr'><strong>Fu</strong></span> 
     </span>
     <span class='ocr_line' id='line_1_45' title="bbox 91 2453 1929 2490; baseline -0.002 -7"><span class='ocrx_word' id='word_1_690' title='bbox 91 2459 119 2483; x_wconf 90' lang='lat' dir='ltr'><strong>di</strong></span> <span class='ocrx_word' id='word_1_691' title='bbox 140 2459 272 2483; x_wconf 86' lang='lat' dir='ltr'><strong>cavalieri</strong></span> <span class='ocrx_word' id='word_1_692' title='bbox 286 2458 453 2490; x_wconf 84' lang='lat' dir='ltr'><strong>mandatigli</strong></span> <span class='ocrx_word' id='word_1_693' title='bbox 476 2460 505 2482; x_wconf 91' lang='lat' dir='ltr'><strong>in</strong></span> <span class='ocrx_word' id='word_1_694' title='bbox 526 2460 606 2482; x_wconf 88' lang='lat' dir='ltr'><strong>aiuto</strong></span> <span class='ocrx_word' id='word_1_695' title='bbox 626 2458 671 2481; x_wconf 90' lang='lat' dir='ltr'><strong>dai</strong></span> <span class='ocrx_word' id='word_1_696' title='bbox 686 2457 827 2481; x_wconf 82' lang='lat' dir='ltr'><strong>Malatesti</strong></span> <span class='ocrx_word' id='word_1_697' title='bbox 848 2465 861 2480; x_wconf 86' lang='lat' dir='ltr'><strong>e</strong></span> <span class='ocrx_word' id='word_1_698' title='bbox 875 2458 983 2488; x_wconf 87' lang='lat' dir='ltr'><strong>guidati</strong></span> <span class='ocrx_word' id='word_1_699' title='bbox 1040 2457 1138 2480; x_wconf 72' lang='lat' dir='ltr'><strong>“tolto</strong></span> <span class='ocrx_word' id='word_1_700' title='bbox 1159 2456 1354 2480; x_wconf 78' lang='lat' dir='ltr'><strong>Castelfranco</strong></span> <span class='ocrx_word' id='word_1_701' title='bbox 1374 2458 1399 2480; x_wconf 86' lang='lat' dir='ltr'><strong>ai</strong></span> <span class='ocrx_word' id='word_1_702' title='bbox 1416 2456 1577 2487; x_wconf 76' lang='lat' dir='ltr'><strong>Bollognisi</strong></span> <span class='ocrx_word' id='word_1_703' title='bbox 1592 2464 1605 2479; x_wconf 92' lang='lat' dir='ltr'><strong>e</strong></span> <span class='ocrx_word' id='word_1_704' title='bbox 1625 2458 1723 2487; x_wconf 88' lang='lat' dir='ltr'><strong>questo</strong></span> <span class='ocrx_word' id='word_1_705' title='bbox 1745 2456 1773 2480; x_wconf 86' lang='lat' dir='ltr'><strong>fu</strong></span> <span class='ocrx_word' id='word_1_706' title='bbox 1785 2453 1831 2480; x_wconf 75' lang='lat' dir='ltr'><strong>adi</strong></span> <span class='ocrx_word' id='word_1_707' title='bbox 1846 2457 1929 2488; x_wconf 85' lang='lat' dir='ltr'><strong>xviiij</strong></span> 
     </span>
     <span class='ocr_line' id='line_1_46' title="bbox 91 2495 1930 2532; baseline -0.002 -7"><span class='ocrx_word' id='word_1_708' title='bbox 91 2501 137 2525; x_wconf 84' lang='lat' dir='ltr'><strong>dal</strong></span> <span class='ocrx_word' id='word_1_709' title='bbox 157 2502 240 2525; x_wconf 86' lang='lat' dir='ltr'><strong>conte</strong></span> <span class='ocrx_word' id='word_1_710' title='bbox 268 2500 394 2532; x_wconf 91' lang='lat' dir='ltr'><strong>Ugolino</strong></span> <span class='ocrx_word' id='word_1_711' title='bbox 420 2501 447 2524; x_wconf 92' lang='lat' dir='ltr'><strong>di</strong></span> <span class='ocrx_word' id='word_1_712' title='bbox 476 2500 570 2524; x_wconf 90' lang='lat' dir='ltr'><strong>Cunio</strong></span> <span class='ocrx_word' id='word_1_713' title='bbox 596 2507 610 2523; x_wconf 89' lang='lat' dir='ltr'><strong>e</strong></span> <span class='ocrx_word' id='word_1_714' title='bbox 635 2507 682 2531; x_wconf 88' lang='lat' dir='ltr'><strong>per</strong></span> <span class='ocrx_word' id='word_1_715' title='bbox 708 2506 799 2522; x_wconf 89' lang='lat' dir='ltr'><strong>mezzo</strong></span> <span class='ocrx_word' id='word_1_716' title='bbox 827 2499 854 2523; x_wconf 90' lang='lat' dir='ltr'><strong>di</strong></span> <span class='ocrx_word' id='word_1_717' title='bbox 881 2501 932 2523; x_wconf 88' lang='lat' dir='ltr'><strong>essi</strong></span> <span class='ocrx_word' id='word_1_718' title='bbox 961 2500 982 2523; x_wconf 93' lang='lat' dir='ltr'><strong>si</strong></span> <span class='ocrx_word' id='word_1_719' title='bbox 1041 2497 1092 2522; x_wconf 73' lang='lat' dir='ltr'><strong>“di</strong></span> <span class='ocrx_word' id='word_1_720' title='bbox 1115 2498 1216 2529; x_wconf 74' lang='lat' dir='ltr'><strong>luio„:</strong></span> <span class='ocrx_word' id='word_1_721' title='bbox 1231 2498 1256 2521; x_wconf 88' lang='lat' dir='ltr'><strong>le</strong></span> <span class='ocrx_word' id='word_1_722' title='bbox 1276 2498 1346 2522; x_wconf 82' lang='lat' dir='ltr'><strong>altre</strong></span> <span class='ocrx_word' id='word_1_723' title='bbox 1367 2498 1505 2522; x_wconf 83' lang='lat' dir='ltr'><strong>cronache</strong></span> <span class='ocrx_word' id='word_1_724' title='bbox 1525 2498 1583 2529; x_wconf 72' lang='lat' dir='ltr'><strong>(ivi.</strong></span> <span class='ocrx_word' id='word_1_725' title='bbox 1598 2495 1662 2528; x_wconf 82' lang='lat'>360)</span> <span class='ocrx_word' id='word_1_726' title='bbox 1676 2499 1859 2529; x_wconf 81' lang='lat' dir='ltr'><strong>aggiungono</strong></span> <span class='ocrx_word' id='word_1_727' title='bbox 1873 2498 1930 2528; x_wconf 78' lang='lat' dir='ltr'><strong>che,</strong></span> 
     </span>
     <span class='ocr_line' id='line_1_47' title="bbox 92 2539 1931 2574; baseline -0.001 -8"><span class='ocrx_word' id='word_1_728' title='bbox 92 2539 253 2574; x_wconf 70' lang='lat' dir='ltr'><strong>impadroni</strong></span> <span class='ocrx_word' id='word_1_729' title='bbox 273 2542 347 2566; x_wconf 88' lang='lat' dir='ltr'><strong>della</strong></span> <span class='ocrx_word' id='word_1_730' title='bbox 361 2539 439 2572; x_wconf 62' lang='lat' dir='ltr'><strong>cittii,</strong></span> <span class='ocrx_word' id='word_1_731' title='bbox 460 2542 616 2566; x_wconf 84' lang='lat' dir='ltr'><strong>uccidendo</strong></span> <span class='ocrx_word' id='word_1_732' title='bbox 631 2549 645 2565; x_wconf 87' lang='lat' dir='ltr'><strong>a</strong></span> <span class='ocrx_word' id='word_1_733' title='bbox 659 2541 830 2565; x_wconf 81' lang='lat' dir='ltr'><strong>tradimento</strong></span> <span class='ocrx_word' id='word_1_734' title='bbox 845 2540 865 2564; x_wconf 86' lang='lat' dir='ltr'><strong>il</strong></span> <span class='ocrx_word' id='word_1_735' title='bbox 880 2542 983 2571; x_wconf 89' lang='lat' dir='ltr'><strong>cugino</strong></span> <span class='ocrx_word' id='word_1_736' title='bbox 1041 2541 1054 2553; x_wconf 67' lang='lat'>“</span> <span class='ocrx_word' id='word_1_737' title='bbox 1065 2540 1162 2565; x_wconf 87' lang='lat' dir='ltr'><strong>eodem</strong></span> <span class='ocrx_word' id='word_1_738' title='bbox 1174 2541 1218 2564; x_wconf 89' lang='lat' dir='ltr'><strong>die</strong></span> <span class='ocrx_word' id='word_1_739' title='bbox 1233 2539 1348 2564; x_wconf 72' lang='lat' dir='ltr'><strong>cavaleb</strong></span> <span class='ocrx_word' id='word_1_740' title='bbox 1363 2540 1387 2564; x_wconf 86' lang='lat' dir='ltr'><strong>el</strong></span> <span class='ocrx_word' id='word_1_741' title='bbox 1402 2541 1529 2571; x_wconf 86' lang='lat' dir='ltr'><strong>puovolo</strong></span> <span class='ocrx_word' id='word_1_742' title='bbox 1543 2540 1566 2563; x_wconf 81' lang='lat' dir='ltr'><strong>e’</strong></span> <span class='ocrx_word' id='word_1_743' title='bbox 1580 2540 1711 2564; x_wconf 75' lang='lat' dir='ltr'><strong>cavalieri</strong></span> <span class='ocrx_word' id='word_1_744' title='bbox 1725 2541 1758 2564; x_wconf 91' lang='lat' dir='ltr'><strong>de</strong></span> <span class='ocrx_word' id='word_1_745' title='bbox 1769 2540 1906 2571; x_wconf 70' lang='lat' dir='ltr'><strong>Bologna.</strong></span> <span class='ocrx_word' id='word_1_746' title='bbox 1917 2548 1931 2564; x_wconf 80' lang='lat' dir='ltr'><strong>e</strong></span> 
     </span>
    </p>

    <p class='ocr_par' dir='ltr' id='par_1_12' title="bbox 31 2581 1930 2702">
     <span class='ocr_line' id='line_1_48' title="bbox 31 2581 1930 2621; baseline -0.002 -13"><span class='ocrx_word' id='word_1_747' title='bbox 31 2595 61 2621; x_wconf 84' lang='lat'><strong>²5</strong></span> <span class='ocrx_word' id='word_1_748' title='bbox 92 2585 271 2608; x_wconf 83' lang='lat' dir='ltr'><strong>arcivescovo</strong></span> <span class='ocrx_word' id='word_1_749' title='bbox 298 2584 344 2614; x_wconf 83' lang='lat' dir='ltr'><strong>(cf.</strong></span> <span class='ocrx_word' id='word_1_750' title='bbox 374 2585 442 2608; x_wconf 77' lang='lat' dir='ltr'><strong>Arm.</strong></span> <span class='ocrx_word' id='word_1_751' title='bbox 471 2592 579 2611; x_wconf 71' lang='lat' dir='ltr'><strong>mesen..</strong></span> <span class='ocrx_word' id='word_1_752' title='bbox 607 2584 636 2606; x_wconf 85' lang='lat' dir='ltr'><strong>in</strong></span> <span class='ocrx_word' id='word_1_753' title='bbox 663 2583 727 2606; x_wconf 72' lang='lat' dir='ltr'><strong>HR.</strong></span> <span class='ocrx_word' id='word_1_754' title='bbox 756 2583 794 2606; x_wconf 85' lang='lat' dir='ltr'><strong>ll.</strong></span> <span class='ocrx_word' id='word_1_755' title='bbox 823 2582 881 2609; x_wconf 75' lang='lat' dir='ltr'><strong>SS..</strong></span> <span class='ocrx_word' id='word_1_756' title='bbox 911 2582 983 2609; x_wconf 90' lang='lat' dir='ltr'>XIV,</span> <span class='ocrx_word' id='word_1_757' title='bbox 1041 2581 1054 2594; x_wconf 82' lang='lat'><em>“</em></span> <span class='ocrx_word' id='word_1_758' title='bbox 1066 2584 1087 2606; x_wconf 92' lang='lat' dir='ltr'><strong>si</strong></span> <span class='ocrx_word' id='word_1_759' title='bbox 1103 2582 1132 2606; x_wconf 88' lang='lat' dir='ltr'><strong>lo</strong></span> <span class='ocrx_word' id='word_1_760' title='bbox 1144 2590 1304 2606; x_wconf 76' lang='lat' dir='ltr'><strong>rescosseno</strong></span> <span class='ocrx_word' id='word_1_761' title='bbox 1320 2590 1367 2613; x_wconf 87' lang='lat' dir='ltr'><strong>per</strong></span> <span class='ocrx_word' id='word_1_762' title='bbox 1379 2582 1455 2606; x_wconf 80' lang='lat' dir='ltr'><strong>forza</strong></span> <span class='ocrx_word' id='word_1_763' title='bbox 1467 2584 1494 2606; x_wconf 77' lang='lat' dir='ltr'><strong>et</strong></span> <span class='ocrx_word' id='word_1_764' title='bbox 1508 2583 1608 2606; x_wconf 82' lang='lat' dir='ltr'><strong>taiono</strong></span> <span class='ocrx_word' id='word_1_765' title='bbox 1621 2583 1649 2606; x_wconf 89' lang='lat' dir='ltr'><strong>in</strong></span> <span class='ocrx_word' id='word_1_766' title='bbox 1664 2583 1736 2614; x_wconf 86' lang='lat' dir='ltr'><strong>pezzi</strong></span> <span class='ocrx_word' id='word_1_767' title='bbox 1752 2584 1799 2616; x_wconf 72' lang='lat' dir='ltr'><strong>xvj</strong></span> <span class='ocrx_word' id='word_1_768' title='bbox 1811 2582 1930 2609; x_wconf 86' lang='lat' dir='ltr'><strong>homini,</strong></span> 
     </span>
     <span class='ocr_line' id='line_1_49' title="bbox 94 2624 1930 2658; baseline -0.001 -8"><span class='ocrx_word' id='word_1_769' title='bbox 94 2633 174 2658; x_wconf 82' lang='lat'>1141;</span> <span class='ocrx_word' id='word_1_770' title='bbox 191 2627 251 2651; x_wconf 82' lang='lat' dir='ltr'><strong>Chr.</strong></span> <span class='ocrx_word' id='word_1_771' title='bbox 265 2634 384 2653; x_wconf 64' lang='lat' dir='ltr'><strong>ravenn„</strong></span> <span class='ocrx_word' id='word_1_772' title='bbox 398 2627 446 2654; x_wconf 86' lang='lat' dir='ltr'><strong>ivi,</strong></span> <span class='ocrx_word' id='word_1_773' title='bbox 461 2626 480 2653; x_wconf 82' lang='grc' dir='ltr'><strong>Ι,</strong></span> <span class='ocrx_word' id='word_1_774' title='bbox 491 2626 524 2653; x_wconf 79' lang='lat'><strong>11,</strong></span> <span class='ocrx_word' id='word_1_775' title='bbox 541 2632 604 2657; x_wconf 82' lang='lat'>549;</span> <span class='ocrx_word' id='word_1_776' title='bbox 623 2626 681 2648; x_wconf 78' lang='lat' dir='ltr'><strong>Chr.</strong></span> <span class='ocrx_word' id='word_1_777' title='bbox 696 2625 762 2653; x_wconf 82' lang='lat' dir='ltr'><strong>Est.‚</strong></span> <span class='ocrx_word' id='word_1_778' title='bbox 776 2625 843 2648; x_wconf 90' lang='lat' dir='ltr'><strong>ediz.</strong></span> <span class='ocrx_word' id='word_1_779' title='bbox 857 2626 913 2652; x_wconf 60' lang='lat' dir='ltr'><strong>cit„</strong></span> <span class='ocrx_word' id='word_1_780' title='bbox 924 2624 984 2653; x_wconf 87' lang='lat' dir='ltr'><strong>XV,</strong></span> <span class='ocrx_word' id='word_1_781' title='bbox 1041 2624 1053 2636; x_wconf 68' lang='lat'><strong>⁵²</strong></span> <span class='ocrx_word' id='word_1_782' title='bbox 1064 2626 1098 2649; x_wconf 88' lang='lat' dir='ltr'><strong>de</strong></span> <span class='ocrx_word' id='word_1_783' title='bbox 1111 2626 1193 2656; x_wconf 90' lang='lat' dir='ltr'><strong>quilli</strong></span> <span class='ocrx_word' id='word_1_784' title='bbox 1210 2625 1258 2649; x_wconf 84' lang='lat' dir='ltr'><strong>che</strong></span> <span class='ocrx_word' id='word_1_785' title='bbox 1272 2625 1401 2649; x_wconf 75' lang='lat' dir='ltr'><strong>l&#39;aveano</strong></span> <span class='ocrx_word' id='word_1_786' title='bbox 1415 2625 1490 2649; x_wconf 88' lang='lat' dir='ltr'><strong>tolto</strong></span> <span class='ocrx_word' id='word_1_787' title='bbox 1503 2632 1517 2648; x_wconf 92' lang='lat' dir='ltr'><strong>e</strong></span> <span class='ocrx_word' id='word_1_788' title='bbox 1531 2626 1566 2649; x_wconf 85' lang='lat' dir='ltr'><strong>tri</strong></span> <span class='ocrx_word' id='word_1_789' title='bbox 1583 2633 1616 2648; x_wconf 88' lang='lat' dir='ltr'><strong>ne</strong></span> <span class='ocrx_word' id='word_1_790' title='bbox 1629 2632 1751 2649; x_wconf 79' lang='lat' dir='ltr'><strong>menone</strong></span> <span class='ocrx_word' id='word_1_791' title='bbox 1766 2633 1781 2648; x_wconf 85' lang='lat' dir='ltr'><strong>a</strong></span> <span class='ocrx_word' id='word_1_792' title='bbox 1793 2625 1930 2656; x_wconf 82' lang='lat' dir='ltr'><strong>Bologna,</strong></span> 
     </span>
     <span class='ocr_line' id='line_1_50' title="bbox 90 2666 1369 2702; baseline -0.002 -10"><span class='ocrx_word' id='word_1_793' title='bbox 90 2676 115 2702; x_wconf 88' lang='lat' dir='ltr'><strong>p.</strong></span> <span class='ocrx_word' id='word_1_794' title='bbox 136 2675 179 2700; x_wconf 88' lang='lat'><strong>91,</strong></span> <span class='ocrx_word' id='word_1_795' title='bbox 200 2668 229 2692; x_wconf 87' lang='lat' dir='ltr'><strong>ll.</strong></span> <span class='ocrx_word' id='word_1_796' title='bbox 253 2673 345 2699; x_wconf 87' lang='lat'>14-17;</span> <span class='ocrx_word' id='word_1_797' title='bbox 369 2669 469 2698; x_wconf 71' lang='lat' dir='ltr'><strong>Corpus</strong></span> <span class='ocrx_word' id='word_1_798' title='bbox 482 2669 535 2691; x_wconf 71' lang='lat' dir='ltr'><strong>chr.</strong></span> <span class='ocrx_word' id='word_1_799' title='bbox 552 2668 625 2696; x_wconf 60' lang='lat' dir='ltr'><strong>Bon„</strong></span> <span class='ocrx_word' id='word_1_800' title='bbox 641 2666 712 2690; x_wconf 84' lang='lat' dir='ltr'><strong>ediz.</strong></span> <span class='ocrx_word' id='word_1_801' title='bbox 727 2666 860 2696; x_wconf 81' lang='lat' dir='ltr'><strong>Sorbeni,</strong></span> <span class='ocrx_word' id='word_1_802' title='bbox 874 2667 908 2694; x_wconf 73' lang='grc' dir='ltr'><strong>ΙΙ,</strong></span> <span class='ocrx_word' id='word_1_803' title='bbox 923 2671 981 2698; x_wconf 81' lang='lat'>351,</span> <span class='ocrx_word' id='word_1_804' title='bbox 1040 2666 1053 2679; x_wconf 82' lang='lat'><em>“</em></span> <span class='ocrx_word' id='word_1_805' title='bbox 1064 2668 1091 2691; x_wconf 79' lang='lat' dir='ltr'><strong>et</strong></span> <span class='ocrx_word' id='word_1_806' title='bbox 1113 2668 1184 2691; x_wconf 88' lang='lat' dir='ltr'><strong>suno</strong></span> <span class='ocrx_word' id='word_1_807' title='bbox 1205 2668 1332 2691; x_wconf 68' lang='lat' dir='ltr'><strong>zudieadi</strong></span> <span class='ocrx_word' id='word_1_808' title='bbox 1346 2685 1369 2698; x_wconf 57' lang='lat'><strong>7„</strong></span> 
     </span>
    </p>

    <p class='ocr_par' dir='ltr' id='par_1_13' title="bbox 90 2707 1928 2784">
     <span class='ocr_line' id='line_1_51' title="bbox 90 2707 1928 2742; baseline -0.005 0"><span class='ocrx_word' id='word_1_809' title='bbox 90 2714 155 2742; x_wconf 78' lang='grc'>353;</span> <span class='ocrx_word' id='word_1_810' title='bbox 176 2708 210 2734; x_wconf 92' lang='lat' dir='ltr'><strong>G.</strong></span> <span class='ocrx_word' id='word_1_811' title='bbox 224 2709 358 2737; x_wconf 74' lang='lat' dir='ltr'>V1LLAN1,</span> <span class='ocrx_word' id='word_1_812' title='bbox 382 2711 434 2735; x_wconf 77' lang='lat' dir='ltr'><strong>Cr..</strong></span> <span class='ocrx_word' id='word_1_813' title='bbox 456 2709 501 2739; x_wconf 76' lang='lat' dir='ltr'><strong>IX,</strong></span> <span class='ocrx_word' id='word_1_814' title='bbox 527 2716 588 2741; x_wconf 81' lang='lat'>142;</span> <span class='ocrx_word' id='word_1_815' title='bbox 609 2717 623 2732; x_wconf 83' lang='lat' dir='ltr'><strong>e</strong></span> <span class='ocrx_word' id='word_1_816' title='bbox 643 2715 726 2739; x_wconf 88' lang='lat' dir='ltr'><strong>sopra</strong></span> <span class='ocrx_word' id='word_1_817' title='bbox 741 2709 809 2732; x_wconf 86' lang='lat' dir='ltr'><strong>tutti</strong></span> <span class='ocrx_word' id='word_1_818' title='bbox 824 2710 831 2731; x_wconf 89' lang='lat' dir='ltr'><strong>i</strong></span> <span class='ocrx_word' id='word_1_819' title='bbox 846 2709 982 2736; x_wconf 85' lang='lat' dir='ltr'><strong>moderni,</strong></span> <span class='ocrx_word' id='word_1_820' title='bbox 1125 2707 1136 2724; x_wconf 85' lang='lat'><strong>⁶</strong></span> <span class='ocrx_word' id='word_1_821' title='bbox 1155 2709 1389 2733; x_wconf 84' lang='lat' dir='ltr'><strong>Sull&#39;interdetto</strong></span> <span class='ocrx_word' id='word_1_822' title='bbox 1409 2710 1431 2732; x_wconf 87' lang='lat' dir='ltr'><strong>si</strong></span> <span class='ocrx_word' id='word_1_823' title='bbox 1452 2708 1488 2732; x_wconf 79' lang='lat' dir='ltr'><strong>cf.</strong></span> <span class='ocrx_word' id='word_1_824' title='bbox 1502 2709 1615 2738; x_wconf 60' lang='lat' dir='ltr'><strong>Tuus„</strong></span> <span class='ocrx_word' id='word_1_825' title='bbox 1631 2710 1710 2733; x_wconf 66' lang='lat' dir='ltr'><strong>Alam.</strong></span> <span class='ocrx_word' id='word_1_826' title='bbox 1725 2713 1766 2739; x_wconf 84' lang='lat' dir='ltr'><strong>st.,</strong></span> <span class='ocrx_word' id='word_1_827' title='bbox 1781 2709 1814 2737; x_wconf 84' lang='lat'><strong>11,</strong></span> <span class='ocrx_word' id='word_1_828' title='bbox 1829 2714 1892 2739; x_wconf 77' lang='lat'><strong>250:</strong></span> <span class='ocrx_word' id='word_1_829' title='bbox 1908 2708 1928 2732; x_wconf 82' lang='lat' dir='ltr'><strong>il</strong></span> 
     </span>
     <span class='ocr_line' id='line_1_52' title="bbox 91 2749 1927 2784; baseline -0.001 -8"><span class='ocrx_word' id='word_1_830' title='bbox 91 2751 122 2776; x_wconf 94' lang='lat' dir='ltr'><strong>C.</strong></span> <span class='ocrx_word' id='word_1_831' title='bbox 142 2751 234 2779; x_wconf 76' lang='lat' dir='ltr'><strong>R1ccx‚</strong></span> <span class='ocrx_word' id='word_1_832' title='bbox 249 2752 376 2775; x_wconf 83' lang='lat' dir='ltr'><strong>L&#39;ultimo</strong></span> <span class='ocrx_word' id='word_1_833' title='bbox 388 2752 495 2784; x_wconf 71' lang='lat' dir='ltr'><strong>rifugio</strong></span> <span class='ocrx_word' id='word_1_834' title='bbox 516 2751 545 2775; x_wconf 83' lang='lat' dir='ltr'><strong>di</strong></span> <span class='ocrx_word' id='word_1_835' title='bbox 558 2752 655 2781; x_wconf 79' lang='lat' dir='ltr'><strong>Dante,</strong></span> <span class='ocrx_word' id='word_1_836' title='bbox 671 2758 716 2781; x_wconf 89' lang='lat' dir='ltr'><strong>pp.</strong></span> <span class='ocrx_word' id='word_1_837' title='bbox 735 2757 782 2782; x_wconf 87' lang='lat'><strong>179</strong></span> <span class='ocrx_word' id='word_1_838' title='bbox 797 2750 866 2782; x_wconf 83' lang='lat' dir='ltr'><strong>sgg).</strong></span> <span class='ocrx_word' id='word_1_839' title='bbox 886 2749 982 2774; x_wconf 87' lang='lat' dir='ltr'><strong>Guido</strong></span> <span class='ocrx_word' id='word_1_840' title='bbox 1037 2752 1160 2782; x_wconf 88' lang='lat' dir='ltr'><strong>pretesto</strong></span> <span class='ocrx_word' id='word_1_841' title='bbox 1182 2758 1215 2775; x_wconf 89' lang='lat' dir='ltr'><strong>ne</strong></span> <span class='ocrx_word' id='word_1_842' title='bbox 1235 2751 1265 2775; x_wconf 82' lang='lat' dir='ltr'><strong>fu</strong></span> <span class='ocrx_word' id='word_1_843' title='bbox 1286 2750 1305 2773; x_wconf 92' lang='lat' dir='ltr'><strong>il</strong></span> <span class='ocrx_word' id='word_1_844' title='bbox 1328 2751 1400 2774; x_wconf 78' lang='lat' dir='ltr'><strong>fatto</strong></span> <span class='ocrx_word' id='word_1_845' title='bbox 1415 2751 1443 2774; x_wconf 89' lang='lat' dir='ltr'><strong>di</strong></span> <span class='ocrx_word' id='word_1_846' title='bbox 1458 2751 1502 2774; x_wconf 88' lang='lat' dir='ltr'><strong>cui</strong></span> <span class='ocrx_word' id='word_1_847' title='bbox 1518 2751 1541 2777; x_wconf 83' lang='lat' dir='ltr'><strong>si</strong></span> <span class='ocrx_word' id='word_1_848' title='bbox 1562 2751 1631 2774; x_wconf 83' lang='lat' dir='ltr'><strong>veda</strong></span> <span class='ocrx_word' id='word_1_849' title='bbox 1646 2758 1660 2774; x_wconf 85' lang='lat' dir='ltr'><strong>a</strong></span> <span class='ocrx_word' id='word_1_850' title='bbox 1675 2758 1700 2782; x_wconf 90' lang='lat' dir='ltr'><strong>p.</strong></span> <span class='ocrx_word' id='word_1_851' title='bbox 1715 2749 1757 2778; x_wconf 83' lang='lat'><strong>68,</strong></span> <span class='ocrx_word' id='word_1_852' title='bbox 1771 2751 1801 2774; x_wconf 92' lang='lat' dir='ltr'><strong>ll.</strong></span> <span class='ocrx_word' id='word_1_853' title='bbox 1819 2756 1876 2781; x_wconf 88' lang='lat'>1-7;</span> <span class='ocrx_word' id='word_1_854' title='bbox 1892 2751 1927 2774; x_wconf 84' lang='lat' dir='ltr'><strong>cf.</strong></span> 
     </span>
    </p>

    <p class='ocr_par' dir='ltr' id='par_1_14' title="bbox 28 2791 1928 2991">
     <span class='ocr_line' id='line_1_53' title="bbox 28 2791 1316 2829; baseline -0.001 -13"><span class='ocrx_word' id='word_1_855' title='bbox 28 2805 62 2829; x_wconf 88' lang='lat'><strong>30</strong></span> <span class='ocrx_word' id='word_1_856' title='bbox 89 2793 212 2817; x_wconf 85' lang='lat' dir='ltr'><strong>Novello</strong></span> <span class='ocrx_word' id='word_1_857' title='bbox 224 2792 304 2817; x_wconf 71' lang='lat' dir='ltr'><strong>tento</strong></span> <span class='ocrx_word' id='word_1_858' title='bbox 316 2794 410 2818; x_wconf 83' lang='lat' dir='ltr'><strong>subito</strong></span> <span class='ocrx_word' id='word_1_859' title='bbox 425 2793 442 2816; x_wconf 79' lang='lat'><strong>1¹</strong></span> <span class='ocrx_word' id='word_1_860' title='bbox 452 2795 572 2824; x_wconf 72' lang='lat' dir='ltr'><strong>impr-esa</strong></span> <span class='ocrx_word' id='word_1_861' title='bbox 583 2793 610 2816; x_wconf 92' lang='lat' dir='ltr'><strong>di</strong></span> <span class='ocrx_word' id='word_1_862' title='bbox 624 2791 982 2822; x_wconf 84' lang='lat' dir='ltr'><strong>riconquistareRavenna,</strong></span> <span class='ocrx_word' id='word_1_863' title='bbox 1037 2793 1124 2816; x_wconf 88' lang='lat' dir='ltr'><strong>anche</strong></span> <span class='ocrx_word' id='word_1_864' title='bbox 1144 2800 1169 2824; x_wconf 91' lang='lat' dir='ltr'><strong>p.</strong></span> <span class='ocrx_word' id='word_1_865' title='bbox 1184 2791 1224 2822; x_wconf 87' lang='lat'><strong>86,</strong></span> <span class='ocrx_word' id='word_1_866' title='bbox 1246 2799 1272 2815; x_wconf 87' lang='lat' dir='ltr'><strong>n.</strong></span> <span class='ocrx_word' id='word_1_867' title='bbox 1293 2791 1316 2815; x_wconf 88' lang='lat'><strong>8.</strong></span> 
     </span>
     <span class='ocr_line' id='line_1_54' title="bbox 90 2832 1928 2865; baseline 0 -7"><span class='ocrx_word' id='word_1_868' title='bbox 90 2843 133 2858; x_wconf 87' lang='lat' dir='ltr'><strong>ma</strong></span> <span class='ocrx_word' id='word_1_869' title='bbox 153 2841 210 2858; x_wconf 89' lang='lat' dir='ltr'><strong>non</strong></span> <span class='ocrx_word' id='word_1_870' title='bbox 227 2836 253 2858; x_wconf 85' lang='lat' dir='ltr'><strong>vi</strong></span> <span class='ocrx_word' id='word_1_871' title='bbox 270 2833 363 2859; x_wconf 75' lang='lat' dir='ltr'><strong>riusci.</strong></span> <span class='ocrx_word' id='word_1_872' title='bbox 384 2834 508 2859; x_wconf 81' lang='lat' dir='ltr'><strong>Rinaldo</strong></span> <span class='ocrx_word' id='word_1_873' title='bbox 522 2833 536 2858; x_wconf 82' lang='grc' dir='ltr'>ὲ</span> <span class='ocrx_word' id='word_1_874' title='bbox 550 2835 628 2858; x_wconf 81' lang='lat' dir='ltr'><strong>detto</strong></span> <span class='ocrx_word' id='word_1_875' title='bbox 651 2833 855 2857; x_wconf 83' lang='lat' dir='ltr'><strong>“arcidiacono</strong></span> <span class='ocrx_word' id='word_1_876' title='bbox 869 2852 881 2864; x_wconf 86' lang='lat'><strong>‚,</strong></span> <span class='ocrx_word' id='word_1_877' title='bbox 896 2834 982 2857; x_wconf 88' lang='lat' dir='ltr'><strong>anche</strong></span> <span class='ocrx_word' id='word_1_878' title='bbox 1124 2833 1134 2849; x_wconf 93' lang='lat'><strong>⁷</strong></span> <span class='ocrx_word' id='word_1_879' title='bbox 1155 2833 1258 2861; x_wconf 83' lang='lat' dir='ltr'><strong>Questa</strong></span> <span class='ocrx_word' id='word_1_880' title='bbox 1279 2835 1436 2865; x_wconf 75' lang='lat' dir='ltr'><strong>podesteria</strong></span> <span class='ocrx_word' id='word_1_881' title='bbox 1456 2832 1471 2858; x_wconf 79' lang='grc' dir='ltr'>ὲ</span> <span class='ocrx_word' id='word_1_882' title='bbox 1490 2834 1688 2858; x_wconf 80' lang='lat' dir='ltr'><strong>documentata</strong></span> <span class='ocrx_word' id='word_1_883' title='bbox 1714 2835 1760 2858; x_wconf 77' lang='lat' dir='ltr'><strong>dal</strong></span> <span class='ocrx_word' id='word_1_884' title='bbox 1781 2835 1928 2858; x_wconf 74' lang='lat' dir='ltr'><strong>settembre</strong></span> 
     </span>
     <span class='ocr_line' id='line_1_55' title="bbox 90 2874 1927 2908; baseline -0.001 -8"><span class='ocrx_word' id='word_1_885' title='bbox 90 2876 164 2900; x_wconf 84' lang='lat' dir='ltr'><strong>nelle</strong></span> <span class='ocrx_word' id='word_1_886' title='bbox 191 2877 263 2900; x_wconf 82' lang='lat' dir='ltr'><strong>sonti</strong></span> <span class='ocrx_word' id='word_1_887' title='bbox 290 2876 454 2908; x_wconf 84' lang='lat' dir='ltr'><strong>bolognesi;</strong></span> <span class='ocrx_word' id='word_1_888' title='bbox 483 2874 590 2908; x_wconf 73' lang='lat' dir='ltr'><strong>perche,</strong></span> <span class='ocrx_word' id='word_1_889' title='bbox 620 2876 736 2899; x_wconf 87' lang='lat' dir='ltr'><strong>sebbene</strong></span> <span class='ocrx_word' id='word_1_890' title='bbox 761 2875 848 2899; x_wconf 84' lang='lat' dir='ltr'><strong>eletto</strong></span> <span class='ocrx_word' id='word_1_891' title='bbox 878 2877 980 2899; x_wconf 88' lang='lat' dir='ltr'><strong>arcive-</strong></span> <span class='ocrx_word' id='word_1_892' title='bbox 1037 2876 1082 2900; x_wconf 85' lang='lat' dir='ltr'><strong>del</strong></span> <span class='ocrx_word' id='word_1_893' title='bbox 1105 2883 1170 2908; x_wconf 80' lang='lat'>1323</span> <span class='ocrx_word' id='word_1_894' title='bbox 1192 2876 1217 2899; x_wconf 91' lang='lat' dir='ltr'><strong>al</strong></span> <span class='ocrx_word' id='word_1_895' title='bbox 1237 2875 1330 2906; x_wconf 83' lang='lat' dir='ltr'><strong>luglio</strong></span> <span class='ocrx_word' id='word_1_896' title='bbox 1349 2875 1393 2899; x_wconf 86' lang='lat' dir='ltr'><strong>del</strong></span> <span class='ocrx_word' id='word_1_897' title='bbox 1417 2882 1483 2906; x_wconf 85' lang='lat'>1324</span> <span class='ocrx_word' id='word_1_898' title='bbox 1503 2874 1605 2906; x_wconf 68' lang='lat' dir='ltr'><strong>(Mem,</strong></span> <span class='ocrx_word' id='word_1_899' title='bbox 1627 2883 1649 2900; x_wconf 90' lang='lat' dir='ltr'><strong>a.</strong></span> <span class='ocrx_word' id='word_1_900' title='bbox 1672 2882 1745 2908; x_wconf 84' lang='lat'>1323,</span> <span class='ocrx_word' id='word_1_901' title='bbox 1759 2876 1792 2904; x_wconf 85' lang='lat'><strong>11,</strong></span> <span class='ocrx_word' id='word_1_902' title='bbox 1807 2883 1853 2899; x_wconf 90' lang='lat' dir='ltr'><strong>nn.</strong></span> <span class='ocrx_word' id='word_1_903' title='bbox 1867 2875 1927 2907; x_wconf 84' lang='lat'><strong>456,</strong></span> 
     </span>
     <span class='ocr_line' id='line_1_56' title="bbox 90 2916 1927 2950; baseline 0 -8"><span class='ocrx_word' id='word_1_904' title='bbox 90 2925 185 2949; x_wconf 87' lang='lat' dir='ltr'><strong>scovo,</strong></span> <span class='ocrx_word' id='word_1_905' title='bbox 208 2926 263 2942; x_wconf 89' lang='lat' dir='ltr'><strong>non</strong></span> <span class='ocrx_word' id='word_1_906' title='bbox 279 2926 364 2942; x_wconf 87' lang='lat' dir='ltr'><strong>aveva</strong></span> <span class='ocrx_word' id='word_1_907' title='bbox 379 2926 481 2943; x_wconf 86' lang='lat' dir='ltr'><strong>ancora</strong></span> <span class='ocrx_word' id='word_1_908' title='bbox 496 2919 622 2942; x_wconf 84' lang='lat' dir='ltr'><strong>ricevuto</strong></span> <span class='ocrx_word' id='word_1_909' title='bbox 636 2918 663 2942; x_wconf 89' lang='lat' dir='ltr'><strong>la</strong></span> <span class='ocrx_word' id='word_1_910' title='bbox 680 2918 821 2941; x_wconf 85' lang='lat' dir='ltr'><strong>conferma</strong></span> <span class='ocrx_word' id='word_1_911' title='bbox 835 2917 980 2948; x_wconf 85' lang='lat' dir='ltr'><strong>pontificia</strong></span> <span class='ocrx_word' id='word_1_912' title='bbox 1040 2917 1121 2943; x_wconf 67' lang='lat'>16002</span> <span class='ocrx_word' id='word_1_913' title='bbox 1141 2926 1164 2942; x_wconf 89' lang='lat' dir='ltr'><strong>a.</strong></span> <span class='ocrx_word' id='word_1_914' title='bbox 1182 2924 1255 2950; x_wconf 78' lang='lat'>1324,</span> <span class='ocrx_word' id='word_1_915' title='bbox 1270 2918 1289 2945; x_wconf 90' lang='grc' dir='ltr'><strong>Ι,</strong></span> <span class='ocrx_word' id='word_1_916' title='bbox 1305 2926 1330 2941; x_wconf 90' lang='lat' dir='ltr'><strong>n.</strong></span> <span class='ocrx_word' id='word_1_917' title='bbox 1350 2916 1409 2948; x_wconf 83' lang='lat'>580,</span> <span class='ocrx_word' id='word_1_918' title='bbox 1428 2917 1462 2945; x_wconf 82' lang='grc' dir='ltr'><strong>ΙΙ,</strong></span> <span class='ocrx_word' id='word_1_919' title='bbox 1477 2925 1503 2941; x_wconf 92' lang='lat' dir='ltr'><strong>n.</strong></span> <span class='ocrx_word' id='word_1_920' title='bbox 1523 2916 1587 2949; x_wconf 88' lang='lat'>813:</span> <span class='ocrx_word' id='word_1_921' title='bbox 1610 2918 1623 2932; x_wconf 72' lang='lat'><strong>‘⁴</strong></span> <span class='ocrx_word' id='word_1_922' title='bbox 1634 2918 1795 2950; x_wconf 75' lang='lat' dir='ltr'><strong>Paganinus</strong></span> <span class='ocrx_word' id='word_1_923' title='bbox 1809 2918 1841 2942; x_wconf 91' lang='lat' dir='ltr'><strong>de</strong></span> <span class='ocrx_word' id='word_1_924' title='bbox 1855 2917 1927 2942; x_wconf 84' lang='lat' dir='ltr'><strong>Tho-</strong></span> 
     </span>
     <span class='ocr_line' id='line_1_57' title="bbox 90 2956 1663 2991; baseline -0.001 -7"><span class='ocrx_word' id='word_1_925' title='bbox 90 2967 103 2983; x_wconf 88' lang='lat' dir='ltr'><strong>e</strong></span> <span class='ocrx_word' id='word_1_926' title='bbox 124 2967 180 2984; x_wconf 87' lang='lat' dir='ltr'><strong>non</strong></span> <span class='ocrx_word' id='word_1_927' title='bbox 200 2967 246 2984; x_wconf 84' lang='lat' dir='ltr'><strong>era</strong></span> <span class='ocrx_word' id='word_1_928' title='bbox 265 2962 340 2984; x_wconf 84' lang='lat' dir='ltr'><strong>stato</strong></span> <span class='ocrx_word' id='word_1_929' title='bbox 360 2962 536 2985; x_wconf 81' lang='lat' dir='ltr'><strong>consacrato.</strong></span> <span class='ocrx_word' id='word_1_930' title='bbox 1038 2958 1051 2971; x_wconf 70' lang='lat'>“</span> <span class='ocrx_word' id='word_1_931' title='bbox 1064 2959 1159 2990; x_wconf 83' lang='lat' dir='ltr'><strong>colis„</strong></span> <span class='ocrx_word' id='word_1_932' title='bbox 1181 2965 1198 2983; x_wconf 89' lang='lat' dir='ltr'><strong>o</strong></span> <span class='ocrx_word' id='word_1_933' title='bbox 1219 2957 1232 2970; x_wconf 75' lang='lat'>“</span> <span class='ocrx_word' id='word_1_934' title='bbox 1244 2959 1277 2983; x_wconf 86' lang='lat' dir='ltr'><strong>de</strong></span> <span class='ocrx_word' id='word_1_935' title='bbox 1296 2958 1446 2984; x_wconf 89' lang='lat' dir='ltr'><strong>Tochollis</strong></span> <span class='ocrx_word' id='word_1_936' title='bbox 1465 2958 1498 2982; x_wconf 89' lang='lat' dir='ltr'><strong>de</strong></span> <span class='ocrx_word' id='word_1_937' title='bbox 1518 2958 1616 2983; x_wconf 80' lang='lat' dir='ltr'><strong>Parma</strong></span> <span class='ocrx_word' id='word_1_938' title='bbox 1627 2956 1663 2991; x_wconf 84' lang='lat' dir='ltr'><strong>n)-</strong></span> 
     </span>
    </p>
   </div>
   <div class='ocr_carea' id='block_1_8' title="bbox 1963 1917 1994 1942">
    <p class='ocr_par' dir='ltr' id='par_1_15' title="bbox 1963 1917 1994 1942">
     <span class='ocr_line' id='line_1_58' title="bbox 1963 1917 1994 1942; baseline 0 0"><span class='ocrx_word' id='word_1_939' title='bbox 1963 1917 1994 1942; x_wconf 80' lang='lat'><strong>35</strong></span> 
     </span>
    </p>
   </div>
   <div class='ocr_carea' id='block_1_9' title="bbox 1962 2130 1996 2152">
    <p class='ocr_par' dir='ltr' id='par_1_16' title="bbox 1962 2130 1996 2152">
     <span class='ocr_line' id='line_1_59' title="bbox 1962 2130 1996 2152; baseline 0.029 -8"><span class='ocrx_word' id='word_1_940' title='bbox 1962 2130 1996 2152; x_wconf 64' lang='lat'><strong>40</strong></span> 
     </span>
    </p>
   </div>
   <div class='ocr_carea' id='block_1_10' title="bbox 1961 2338 1991 2363">
    <p class='ocr_par' dir='ltr' id='par_1_17' title="bbox 1961 2338 1991 2363">
     <span class='ocr_line' id='line_1_60' title="bbox 1961 2338 1991 2363; baseline 0 0"><span class='ocrx_word' id='word_1_941' title='bbox 1961 2338 1991 2363; x_wconf 69' lang='lat'><strong>45</strong></span> 
     </span>
    </p>
   </div>
   <div class='ocr_carea' id='block_1_11' title="bbox 1960 2550 1993 2574">
    <p class='ocr_par' dir='ltr' id='par_1_18' title="bbox 1960 2550 1993 2574">
     <span class='ocr_line' id='line_1_61' title="bbox 1960 2550 1993 2574; baseline 0 -8"><span class='ocrx_word' id='word_1_942' title='bbox 1960 2550 1993 2574; x_wconf 77' lang='grc'><strong>50</strong></span> 
     </span>
    </p>
   </div>
   <div class='ocr_carea' id='block_1_12' title="bbox 1957 2757 1987 2783">
    <p class='ocr_par' dir='ltr' id='par_1_19' title="bbox 1957 2757 1987 2783">
     <span class='ocr_line' id='line_1_62' title="bbox 1957 2757 1987 2783; baseline 0 0"><span class='ocrx_word' id='word_1_943' title='bbox 1957 2757 1987 2783; x_wconf 82' lang='grc'><strong>55</strong></span> 
     </span>
    </p>
   </div>
   <div class='ocr_carea' id='block_1_13' title="bbox 1953 2957 1988 2982">
    <p class='ocr_par' dir='ltr' id='par_1_20' title="bbox 1953 2957 1988 2982">
     <span class='ocr_line' id='line_1_63' title="bbox 1953 2957 1988 2982; baseline 0 0"><span class='ocrx_word' id='word_1_944' title='bbox 1953 2957 1988 2982; x_wconf 83' lang='grc'><strong>60</strong></span> 
     </span>
    </p>
   </div>
  </div>
 </body>
</html>
