2370 3603
71 560 88 592 υι

53 825 91 857 10

55 1087 92 1120 15

51 1354 93 1384 20

52 1618 91 1650 25

53 1884 95 1915 30

63 2380 96 2398 10

62 2604 92 2630 15

62 2814 95 2833 20

116 238 171 272 [A.
193 239 288 268 131⁵]
730 229 992 266 IOHANNIS
1020 230 1092 266 DE
1118 229 1337 266 BAZANO

115 350 247 387 dorum,
278 349 472 382 Tuscorum
504 349 655 391 equitum
688 354 721 380 et
748 348 901 389 peditum
926 355 961 380 et
984 348 1240 381 balesteriorum
1274 348 1318 380 ad
1343 347 1569 379 obsidendum
1594 352 1741 378 castrum
1766 345 1809 377 de
1834 344 1956 377 Monte

113 402 272 444 Captino‚
297 403 391 444 quod
414 409 465 434 est
488 402 522 432 in
547 401 709 433 comitatu
733 401 884 438 Luchae‚
909 408 942 433 et
966 402 1026 433 ivit
1055 402 1090 432 in
1122 402 1216 434 dicta
1239 401 1417 433 obsidione
1442 401 1564 432 decem
1595 399 1767 431 mensibus
1799 404 1832 430 et
1859 398 1957 429 ultra.

114 455 169 487 Ob
186 466 287 497 quam
313 466 448 487 causam
472 454 577 486 movit
601 464 637 486 se
662 460 695 485 et
718 455 814 486 venit
837 454 1004 496 Princeps
1027 455 1235 486 Tarentinus
1259 454 1417 486 dominus
1441 453 1572 494 Filipus
1595 453 1682 484 filius
1705 451 1833 483 domini
1850 450 1958 493 Regis

114 508 231 540 Caruli
248 508 363 540 claudi
381 514 415 540 et
431 508 540 539 frater
555 507 665 549 Regis
682 507 828 539 Roberti
845 508 954 550 Regis
971 508 1014 539 de
1031 507 1167 549 Apulea
1190 518 1267 539 cum
1284 516 1409 549 magno
1426 512 1592 548 apparatu
1609 506 1787 542 baronum,
1800 504 1959 540 militum,

113 561 269 603 peditum
286 568 319 593 et
336 561 586 603 sagittariorum
605 566 639 592 et
655 570 732 591 cum
749 560 871 602 grandi
890 561 1018 602 impetu
1035 567 1068 593 et
1084 561 1201 592 furore
1219 566 1253 592 et
1269 560 1431 602 aplicavit
1454 570 1563 601 prope
1582 565 1729 590 castrum
1748 558 1817 598 [ad]
1833 558 1958 598 pedem

114 613 244 645 Montis
268 614 403 656 Captini
427 614 471 645 ad
495 614 565 645 duo
589 613 744 651 miliaria,
768 613 814 645 ita
838 615 932 655 quod
949 615 1117 645 exercitus
1133 619 1250 645 mutuo
1264 624 1299 645 se
1316 612 1498 649 videbant3
1524 618 1557 643 et
1574 622 1650 644 cum
1676 611 1770 642 dicto
1794 609 1957 651 Principe

114 672 212 698 erant
229 666 433 704 Florentini,
451 667 509 708 qui
528 665 766 698 conduxerunt
784 676 872 704 eum,
891 667 1072 704 Senenses,
1091 667 1335 704 Bononienses,
1352 665 1509 697 Perusini
1528 671 1562 696 et
1578 665 1635 696 alii
1658 664 1766 700 multi,
1783 669 1816 695 et
1833 662 1959 694 mixtae

115 726 247 762 gentes,
258 726 295 751 ut
311 720 499 757 ferebatur,
508 729 616 761 usque
629 719 674 750 ad
690 720 869 762 sexaginta
882 719 976 751 milia
989 720 1162 752 hominum
1177 726 1394 751 armatorum.
1410 718 1481 756 Qui
1494 718 1607 750 dictus
1621 717 1777 750 dominus
1793 716 1961 756 Princeps

113 773 241 814 pluries
263 772 439 815 requisivit
463 772 592 804 dictum
616 772 858 814 Ug[uci]onem
882 778 915 804 et
938 773 1097 805 invitavit
1120 773 1165 805 ad
1182 772 1308 804 bellum
1327 777 1360 804 et
1377 771 1607 813 respondebat
1624 770 1717 812 quod
1733 779 1800 801 non
1818 773 1963 800 venerat

115 825 160 857 ad
184 825 382 857 bellandum
406 825 468 856 sed
492 825 537 856 ad
561 831 710 857 castrum
734 825 952 867 capiendum,
977 832 1010 857 et
1033 832 1114 857 tunc
1139 832 1241 867 capto
1267 831 1380 857 castro
1405 831 1461 856 aut
1478 823 1671 856 volentibus
1687 828 1744 854 aut
1767 821 1961 853 nolentibus

115 878 342 910 committeret
369 877 507 910 bellum.
554 878 625 910 Sed
647 877 816 920 Princeps
841 879 1018 910 confidens
1041 889 1103 920 pro
1127 879 1344 910 multitudine
1368 878 1538 910 exercitus
1561 877 1612 908 sui
1638 882 1672 908 et
1696 876 1813 907 furore
1837 884 1961 906 accen-

113 941 170 962 sus
186 930 295 962 noluit
318 930 498 961 terminum
521 936 722 972 expectare3
747 931 938 972 praemissa
953 937 1051 973 parte
1075 931 1245 963 exercitus
1261 931 1322 968 sui,
1347 931 1479 962 scilicet
1504 927 1694 972 octingenti
1716 927 1851 964 milites,
1876 925 1961 957 fecit

115 988 253 1025 portare
276 983 440 1014 victualia
462 983 497 1014 in
522 989 668 1015 castrum
692 989 726 1015 et
748 983 795 1015 ita
819 983 949 1016 factum
974 990 1034 1020 est,
1053 990 1086 1016 et
1102 984 1186 1015 alius
1202 984 1372 1016 exercitus
1387 983 1459 1015 ibat
1483 983 1528 1014 ad
1545 981 1772 1013 claudendam
1789 980 1877 1011 viam
1895 989 1963 1020 qua

115 1035 344 1078 portabantur
365 1035 530 1067 victualia
553 1036 598 1067 ad
622 1036 809 1068 exercitum
835 1037 918 1068 dicti
942 1036 1178 1080 Ug[uci]onis;
1195 1043 1228 1068 et
1244 1042 1326 1068 tunc
1350 1036 1471 1068 videns
1487 1045 1522 1067 se
1540 1035 1653 1067 dictus
1668 1032 1910 1076 Ug[uci]onius
1927 1031 1963 1062 in

116 1094 213 1120 arcto
237 1088 394 1130 positum,
419 1098 562 1120 necesse
587 1089 654 1120 fuit
678 1100 714 1120 se
739 1089 928 1120 defendere
953 1095 988 1121 et
1012 1090 1224 1121 committere
1247 1089 1385 1121 bellum.
1433 1089 1477 1120 Et
1501 1089 1536 1120 in
1561 1087 1653 1119 dicta
1677 1086 1752 1118 acie
1776 1091 1850 1117 erat
1873 1084 1962 1115 filius

116 1141 202 1173 dicti
226 1141 397 1182 Principis
419 1142 551 1178 unicus,
569 1142 821 1183 pulcherrimus
837 1142 971 1173 iuvenis
988 1148 1022 1174 et
1038 1143 1209 1179 cordatus,
1235 1142 1371 1173 nomine
1396 1141 1551 1177 Carolus,
1570 1146 1603 1172 et
1621 1151 1662 1171 ex
1679 1138 1839 1181 opposita
1862 1142 1961 1179 parte

117 1199 191 1225 erat
214 1194 302 1225 filius
325 1194 410 1226 dicti
435 1194 661 1236 Ug[uci]onis‚
679 1195 736 1236 qui
754 1195 853 1227 ambo
871 1202 1073 1227 corruerunt
1095 1195 1130 1226 in
1153 1195 1247 1227 dicto
1266 1194 1383 1227 bello.'
1429 1195 1456 1226 F
1460 1194 1596 1226 inaliter
1618 1192 1746 1224 milicia
1763 1191 1847 1223 dicti
1864 1190 1963 1221 Prin-

116 1247 202 1288 cipis
225 1247 398 1278 debellata
421 1253 482 1284 est,
501 1253 535 1279 et
552 1247 586 1277 in
612 1247 730 1289 fugam
756 1257 922 1279 conversa
947 1248 990 1279 de
1015 1248 1099 1284 acie,
1126 1254 1160 1279 et
1183 1248 1353 1279 exercitus
1378 1247 1461 1278 dicti
1486 1246 1657 1288 Principis
1681 1244 1871 1276 debellatus
1894 1248 1962 1279 est3

117 1300 258 1331 fuerunt
283 1300 388 1342 aliqui
412 1300 545 1332 nobiles
569 1300 730 1332 debellati
756 1306 790 1332 et
814 1300 999 1332 interfecti.
1046 1301 1098 1332 De
1122 1301 1278 1332 exercitu
1295 1300 1465 1342 Principis
1489 1301 1627 1331 fuerunt
1650 1298 1741 1329 inter
1763 1302 1915 1329 mortuos
1931 1301 1965 1327 et

118 1360 237 1395 captos
260 1353 357 1385 circa
372 1354 557 1385 duodecim
576 1353 679 1391 milia,
703 1354 793 1385 inter
810 1363 896 1396 quos
913 1360 1066 1386 mortuus
1083 1354 1149 1386 fuit
1166 1354 1288 1386 Petrus
1304 1354 1492 1395 Tempesta
1509 1354 1619 1384 frater
1636 1352 1721 1383 dicti
1738 1350 1910 1391 Principis
1927 1355 1960 1380 et

117 1407 213 1437 multi
236 1405 368 1438 nobiles
393 1412 427 1438 et
449 1412 607 1448 potentes
632 1406 676 1438 de
701 1407 888 1444 Florentia,
921 1407 964 1438 de
997 1407 1108 1444 Senis,
1141 1407 1184 1439 de
1217 1406 1347 1439 Sancto
1378 1407 1526 1438 Miniato
1552 1411 1585 1437 et
1609 1405 1687 1436 aliis
1711 1402 1908 1436 civitatibus
1931 1408 1964 1433 et

117 1459 237 1492 castris
261 1466 295 1491 et
319 1459 415 1492 locis.
462 1459 627 1501 Princeps
652 1465 731 1491 tunc
755 1460 897 1501 arripuit
922 1460 1039 1502 fugam
1065 1460 1271 1492 Florentiam
1297 1466 1331 1492 et
1355 1460 1471 1491 evasit.
1519 1458 1743 1492 Commissum
1768 1457 1833 1488 fuit
1850 1462 1964 1487 tamen

116 1512 244 1545 bellum
268 1513 357 1544 inter
380 1512 536 1544 Montem
561 1512 744 1554 Captinum
768 1519 803 1544 et
819 1513 996 1544 Buianum.
1043 1514 1095 1545 De
1112 1513 1226 1555 spoliis
1244 1520 1277 1545 et
1294 1512 1432 1555 praedis
1448 1522 1516 1544 non
1535 1521 1584 1544 est
1602 1510 1812 1552 [dicendum]
1829 1509 1965 1551 pondus

117 1575 181 1597 nec
205 1575 366 1596 numerus
388 1570 600 1597 tesaurorum
624 1571 692 1596 tam
715 1566 751 1596 in
776 1566 873 1608 equis
904 1571 937 1598 et
969 1566 1079 1603 armis,
1111 1566 1259 1603 florenis,
1288 1566 1378 1597 vasis
1409 1566 1521 1597 aureis
1547 1570 1580 1596 et
1603 1563 1776 1607 argenteis
1798 1561 1964 1604 plurimis,

116 1618 281 1660 preciosis
304 1618 457 1650 vestibus
481 1618 630 1650 infinitis.
677 1619 721 1650 Et
745 1619 794 1650 ita
819 1619 986 1650 maximus
1010 1619 1075 1651 fuit
1100 1620 1278 1651 conflictus
1302 1625 1336 1651 et
1359 1619 1506 1650 maxima
1529 1624 1661 1660 strages
1678 1616 1771 1658 [tam]
1788 1614 1965 1648 hominum

117 1682 218 1714 quam
232 1682 356 1709 rerum,
373 1671 505 1703 scilicet
518 1677 666 1703 casti-um
680 1672 811 1703 Montis
827 1672 963 1713 Captini
977 1672 1095 1704 habuit
1108 1672 1349 1715 Ug[uci]0nius
1363 1683 1438 1704 cum
1453 1671 1586 1703 Pisanis
1602 1677 1636 1702 et
1652 1670 1759 1701 multa
1775 1669 1842 1700 alia
1854 1673 1966 1699 castra

118 1724 322 1761 habuerunt,
346 1725 461 1766 aliqua
484 1724 653 1756 violenter
678 1730 711 1756 et
735 1725 849 1767 aliqua
866 1725 1058 1757 volontarie
1074 1726 1130 1756 vel
1147 1726 1284 1762 timore;
1302 1726 1337 1756 in
1354 1726 1449 1757 dicto
1467 1724 1629 1756 conflictu
1646 1728 1798 1754 mortuus
1823 1721 1888 1753 fuit
1905 1721 1966 1752 do-

117 1777 228 1809 minus
252 1777 426 1810 Gerardus
450 1777 493 1808 de
517 1777 717 1820 Savignano
741 1778 839 1809 miles
864 1784 897 1810 et
922 1777 1011 1810 civis
1035 1777 1192 1810 Mutinae
1208 1788 1250 1810 ex
1265 1784 1362 1820 parte
1380 1778 1551 1819 Principis
1563 1776 1582 1808 ¹.
1629 1776 1761 1808 Eodem
1785 1774 1966 1806 millesimo

118 1830 251 1872 expulsi
275 1830 412 1862 fuerunt
436 1830 484 1861 illi
510 1830 553 1861 de
579 1829 725 1862 Calbulo
750 1830 794 1862 de
818 1831 956 1862 civitate
982 1832 1009 1863 F
1013 1831 1134 1873 orlivij‚
1158 1837 1355 1863 remanente
1381 1841 1458 1862 cum
1483 1830 1688 1862 extrinsecis
1711 1828 1899 1861 Contesino
1922 1826 1966 1857 de

119 1883 314 1916 Malatestis
325 1882 348 1915 ².
395 1883 527 1914 Eodem
552 1883 731 1914 millesimo
749 1883 805 1915 die
830 1883 918 1916 iovis
934 1884 1003 1928 viiij
1024 1884 1174 1916 octobris
1193 1885 1284 1926 cepit
1301 1885 1460 1916 dominus
1476 1883 1676 1915 Passarinus
1694 1891 1771 1914 cum
1788 1885 1889 1924 gente
1906 1889 1967 1910 sua

214 2001 264 2019 1-2.
285 1994 816 2027 Montecat1noMun.:Montecaptum
829 1995 870 2023 A..
892 1995 935 2019 Cr.
958 2008 989 2012 —
1011 2002 1034 2019 2.
1057 1995 1122 2026 ivit]
1143 1997 1194 2020 cosi
1214 1995 1257 2023 A..
1279 1996 1333 2024 Cr.¹
1355 1996 1447 2020 Mum:
1468 1995 1568 2019 stetit?
1588 2009 1619 2012 —
1640 2002 1664 2027 3.
1684 1992 1789 2024 movit]
1805 1992 1856 2016 cosi
1871 1991 1965 2019 Mum}

122 2038 206 2062 novit
226 2037 268 2065 A..
290 2038 335 2061 Cr.
356 2050 388 2053 —
409 2045 432 2068 4.
453 2036 528 2068 cum]
548 2038 578 2060 in
601 2038 645 2061 Cr.
666 2051 697 2054 —
719 2041 742 2067 5.
759 2038 786 2061 et
813 2038 1027 2069 sagittariorum
1048 2046 1095 2061 om.
1111 2039 1157 2062 Cr.
1177 2051 1187 2056 -
1210 2038 1245 2062 ad
1265 2046 1311 2062 om.
1333 2039 1414 2062 anche
1435 2038 1495 2065 Cr.;
1516 2045 1585 2069 agg.
1605 2037 1684 2061 Mun.
1705 2050 1735 2053 ——
1757 2034 1781 2058 6.
1808 2034 1851 2058 ita
1875 2032 1965 2064 quod]

123 2079 174 2103 cosi
189 2078 277 2108 MUR.‚
299 2079 358 2106 Cr.;
381 2080 475 2110 itaque
497 2078 528 2102 Α.
548 2091 559 2096 -
579 2078 724 2109 videbant]
747 2079 798 2103 cosi
821 2079 913 2107 Mun.;
934 2080 1104 2103 videbantur
1118 2080 1159 2108 A,
1175 2081 1220 2105 Cr.
1244 2094 1272 2097 —
1296 2087 1318 2112 7.
1333 2080 1406 2112 eum]
1422 2079 1472 2104 cosi
1487 2080 1581 2107 MUR.;
1595 2086 1657 2103 cum
1677 2079 1719 2107 A„
1742 2078 1785 2102 Cr.
1807 2089 1837 2093 -
1858 2083 1883 2108 9.
1904 2075 1966 2108 plu-

125 2119 190 2152 ries]
211 2120 262 2145 cos}
283 2120 376 2145 Mmm
396 2120 490 2153 plures
510 2120 551 2148 A..
573 2121 617 2145 Cr.
638 2133 670 2137 —-
693 2127 731 2144 10.
752 2121 811 2145 sed!
832 2121 883 2144 cosi
904 2129 972 2144 corr.
999 2121 1090 2149 Mum:
1111 2129 1198 2152 neque
1221 2122 1263 2150 A,
1283 2123 1327 2146 Cr.
1348 2135 1380 2139 —
1404 2128 1443 2145 11.
1463 2121 1526 2154 pro]
1547 2128 1613 2153 prae
1634 2121 1676 2149 A,
1697 2121 1752 2147 Cr„
1772 2119 1849 2142 Mun.
1870 2129 1901 2134 —
1926 2122 1964 2140 12.

119 2162 242 2193 scilicet]
261 2163 312 2187 cosi
333 2163 437 2187 intendo
457 2170 490 2186 un
511 2170 522 2186 s
541 2163 584 2186 che
600 2163 715 2193 precede
737 2163 895 2194 octingenti
916 2163 944 2187 in
963 2163 1012 2190 A.;
1033 2172 1081 2187 om.
1102 2164 1187 2192 Μυκ..
1208 2165 1255 2190 Cr.
1274 2177 1306 2182 --
1330 2163 1369 2187 16.
1389 2164 1592 2195 pulcherrimus
1613 2163 1700 2191 Μυκη
1721 2162 1781 2189 Cr.;
1802 2159 1965 2191 pulzerinus

123 2205 157 2230 A.
178 2218 210 2222 -
234 2203 272 2228 18.
292 2211 445 2228 conversus
472 2205 505 2228 A.
525 2216 533 2221 -
555 2203 588 2227 de
608 2203 668 2227 acie
693 2212 741 2228 om.
762 2204 838 2228 MUR.
860 2218 891 2221 -
916 2211 955 2236 19.
981 2206 1098 2230 davanti
1115 2214 1131 2229 a
1150 2206 1192 2229 De
1212 2206 1237 2229 in
1256 2206 1287 2229 Α.
1310 2207 1323 2229 ὲ
1343 2214 1376 2229 un
1392 2206 1494 2236 piccolo
1507 2205 1595 2237 frego
1609 2205 1654 2228 che
1673 2205 1700 2227 in
1721 2202 1817 2235 Cr.su
1837 2201 1967 2231 interpre-

123 2250 179 2272 tato
193 2250 246 2277 per
264 2246 384 2276 scilicet,
404 2255 446 2270 ma
466 2254 514 2270 non
535 2246 571 2269 mi
583 2249 655 2276 pare
673 2246 698 2269 si
711 2250 791 2276 possa
811 2260 843 2263 —
859 2246 1025 2278 20.Petrus1
1049 2248 1100 2271 cosi
1121 2248 1213 2272 Μυκη
1233 2247 1315 2272 Petra
1328 2248 1360 2271 A.
1378 2248 1424 2272 Cr.
1444 2261 1476 2264 —
1498 2253 1538 2270 21.
1559 2245 1694 2276 Miniatol
1709 2245 1759 2269 cos)
1781 2245 1874 2268 Mum:
1895 2243 1967 2266 Mar-

123 2289 187 2313 tino
208 2289 252 2318 Α.,
273 2290 318 2313 Cr.
332 2301 363 2306 —
379 2294 420 2312 22.
440 2287 520 2318 tunc]
540 2288 591 2312 cosi
613 2288 706 2315 MUR.;
727 2295 784 2312 non
798 2288 841 2317 A,
859 2290 903 2313 Cr.
917 2301 928 2306 -
942 2289 1047 2321 tamen]
1071 2291 1181 2313 tantum
1196 2290 1282 2318 Mun„
1304 2290 1348 2314 Cr.
1366 2304 1393 2306 —
1411 2296 1452 2321 23.
1466 2290 1608 2313 Buranurn
1628 2289 1662 2317 A,
1684 2289 1737 2315 Cr„
1757 2287 1836 2311 Mun.
1850 2299 1860 2303 -
1874 2285 1968 2309 dicen-

125 2331 191 2355 dum
209 2339 258 2355 non
277 2331 291 2354 ὲ
311 2331 354 2354 nei
372 2331 450 2358 testi,-
471 2339 512 2354 ma
532 2330 558 2354 ci
570 2333 642 2360 pare
661 2339 730 2362 agg.
749 2331 875 2354 richiesla
902 2331 950 2355 dal
973 2340 1046 2355 senso
1066 2345 1097 2348 ——
1118 2339 1160 2363 24.
1181 2332 1281 2356 florens
1300 2332 1334 2356 A.
1355 2345 1387 2349 —-·
1407 2338 1449 2363 25.
1469 2333 1526 2356 tam
1546 2339 1594 2355 non
1614 2332 1627 2355 ὲ
1647 2331 1691 2354 nei
1709 2330 1778 2354 testi.
1799 2342 1830 2345 —
1851 2327 1892 2352 26.
1913 2327 1965 2351 sci-

128 2373 196 2397 licet
214 2374 259 2398 che
278 2373 304 2397 in
325 2373 357 2397 A.
378 2373 391 2396 ὲ
410 2375 614 2403 rappresentato
637 2373 672 2396 cla
692 2380 712 2395 S.
732 2381 780 2396 om.
802 2373 855 2402 Cn,
877 2373 955 2397 Mun.
974 2386 1007 2391 -—
1028 2373 1070 2398 28.
1091 2381 1124 2397 ex
1144 2375 1169 2398 si
1187 2376 1271 2406 legge
1296 2375 1364 2398 male
1384 2375 1410 2397 in
1435 2373 1468 2397 A.
1483 2377 1537 2405 per
1555 2382 1588 2397 un
1601 2373 1668 2405 foro
1688 2374 1732 2396 che
1751 2372 1764 2395 ὲ
1789 2372 1862 2394 nella
1881 2373 1966 2397 carta,

124 2423 167 2439 ma
186 2423 235 2439 non
249 2418 305 2445 par
325 2415 432 2444 dubbi03
453 2421 505 2446 pro
525 2414 611 2443 MUR.¹
635 2413 679 2438 Cr.
695 2427 726 2432 —
742 2421 782 2446 29.
807 2413 942 2445 Calbulo}
962 2416 1013 2440 cos)
1035 2415 1122 2445 Mun„
1143 2417 1203 2446 Cr.·,
1223 2415 1359 2440 Calibulo
1383 2415 1416 2440 A.
1437 2427 1449 2433 -
1468 2413 1639 2446 Contesinoj
1659 2414 1710 2438 cosi
1731 2413 1773 2441 A„
1794 2413 1880 2440 Mun..
1901 2412 1963 2438 Cra

125 2456 314 2481 Fen-antino?

124 2518 243 2549 (Parma,
267 2517 342 2546 1862.
363 2526 388 2550 p.
415 2515 461 2550 37)
488 2516 502 2542 ὲ
527 2517 606 2541 detto
627 2517 676 2542 che
702 2516 793 2541 “tunc
813 2519 941 2542 mortuus
963 2519 1017 2542 suit

123 2559 136 2574 ⁴‘
149 2560 223 2584 filius
233 2560 396 2591 Philiponis
407 2569 433 2590 „;
446 2561 488 2584 col
498 2560 563 2591 qual
578 2566 659 2583 nome
673 2560 701 2583 di
716 2559 870 2591 Filippone
883 2562 906 2584 si
921 2561 1017 2586 soleva

123 2602 248 2626 indicare
263 2602 283 2625 il
304 2603 386 2625 conte
405 2601 522 2634 Filippo
537 2602 564 2625 di
580 2601 736 2633 Langosco,
751 2603 864 2633 signore
878 2603 905 2626 di
920 2602 1016 2631 Pavia,

121 2644 171 2668 che
191 2644 221 2668 fu
240 2643 373 2668 sconfitto
394 2645 437 2667 nei
454 2643 553 2675 bon-ghi
575 2644 603 2668 di
618 2643 756 2667 Piacenza
769 2644 816 2667 dai
830 2644 976 2668 Viscontei
995 2645 1014 2669 il

125 2692 157 2710 10
176 2686 267 2717 luglio
287 2684 430 2718 (GAzATA,
455 2686 514 2710 Chr.
535 2694 604 2718 reg..
626 2686 654 2709 in
682 2686 746 2710 RR.
774 2687 813 2710 ΙΙ.
834 2686 893 2714 SS„
915 2686 1015 2715 XVIII,

122 2731 171 2758 255
190 2727 295 2756 Mussn
317 2728 367 2758 ivi,
388 2727 448 2753 ΧΠ,
469 2727 540 2759 732).

212 2767 221 2784 ¹
241 2769 330 2801 Sopra
349 2769 376 2793 la
396 2771 515 2794 vittoria
536 2770 675 2801 riportata
701 2770 735 2794 da
761 2768 924 2801 Uguceione
943 2770 1015 2794 della

122 2811 287 2843 Faggiuola,
308 2812 328 2835 il
348 2818 382 2844 29
402 2813 501 2844 agosto
524 2818 598 2843 1315.
619 2819 634 2835 a
647 2810 835 2836 Montecatini
857 2813 957 2836 contro
970 2811 1015 2835 Fi-

123 2853 205 2885 lippo
235 2854 263 2877 di
294 2853 421 2878 Tar-anto
449 2862 463 2878 e
492 2854 532 2885 gli
560 2854 625 2877 altri
653 2852 753 2882 Guelfl,
783 2855 805 2877 si
832 2854 902 2878 veda
928 2854 1016 2882 Vmo,

124 2898 164 2925 op.
184 2895 237 2926 cit„
259 2902 305 2927 pp.
325 2894 412 2927 7631.
450 2896 536 2920 Varia
551 2895 625 2919 nelle
640 2896 714 2919 fonti
731 2896 751 2919 il
768 2903 873 2919 novero
888 2895 933 2920 del
947 2903 1018 2920 corn-

124 2937 245 2961 battenti
266 2945 280 2961 e
300 2938 394 2968 quello
415 2938 458 2962 dei
480 2939 564 2962 morti
585 2946 599 2962 e
613 2939 656 2961 dei
672 2939 857 2970 prigionieri:
878 2938 897 2961 il
919 2940 1017 2962 nostro

124 2979 260 3009 cronista.
281 2979 375 3004 dando
389 2979 409 3003 il
425 2987 540 3005 numero
561 2980 589 3004 di
611 2978 644 3004 60
657 2980 725 3005 mila
741 2980 925 3005 combattenti
941 2980 1016 3005 dalla

1073 2521 1152 2550 parte
1172 2520 1215 2543 dei
1236 2518 1336 2547 Guelfl,
1357 2520 1379 2543 si
1401 2521 1511 2543 accosta
1531 2519 1585 2543 alle
1608 2518 1735 2550 migliori
1750 2517 1965 2541 testimonianze

1072 2562 1122 2585 che
1133 2562 1237 2586 dicono
1250 2569 1315 2586 aver
1326 2563 1412 2585 avuto
1423 2561 1592 2593 l'Angioino
1602 2568 1670 2593 5000
1681 2560 1815 2585 cavalieri
1828 2568 1842 2584 e
1854 2566 1887 2592 50
1898 2558 1965 2582 mila

1074 2604 1155 2627 santi.
1176 2602 1291 2631 Quanto
1318 2604 1344 2628 al
1370 2603 1457 2635 luogo
1483 2603 1528 2627 del
1553 2603 1685 2627 conflitto
1709 2602 1724 2627 ὲ
1746 2603 1965 2626 testimonianza

1073 2647 1166 2670 antica
1188 2646 1233 2676 (cf.
1254 2646 1288 2670 T.
1308 2645 1424 2676 CAsxm,
1445 2647 1485 2670 Le
1498 2646 1635 2670 iscrizioni
1651 2647 1731 2670 sarde
1745 2646 1791 2669 del
1803 2645 1894 2669 Aledio
1908 2651 1963 2674 evo,

1072 2686 1211 2720 Cagliari.
1234 2687 1308 2720 1906,
1332 2695 1358 2711 n.
1379 2689 1424 2720 50)
1445 2688 1494 2711 che
1514 2689 1656 2712 accadesse
1681 2687 1735 2711 “in
1760 2687 1880 2718 planitie
1894 2685 1964 2716 Bug-

1073 2729 1175 2761 “giani
1200 2737 1277 2753 secus
1290 2731 1382 2753 rivum
1402 2729 1494 2754 Vallis
1513 2730 1654 2760 Nebule,‚.
1692 2729 1773 2754 Sullo
1794 2729 1916 2753 scambio
1937 2728 1964 2752 di

1072 2771 1137 2795 sfide
1156 2773 1199 2795 tra
1219 2772 1335 2803 Filippo
1349 2779 1364 2795 e
1377 2771 1540 2802 Uguccione
1555 2773 1577 2795 si
1592 2772 1702 2795 vedano
1723 2771 1810 2795 anche
1824 2773 1831 2795 i
1848 2771 1965 2795 Cortusi

1072 2814 1101 2837 in
1123 2814 1186 2837 RR.
1204 2815 1241 2837 IL
1258 2813 1316 2842 SS„
1331 2813 1391 2841 XII,
1406 2819 1464 2845 793.
1503 2813 1599 2837 Pietro
1619 2814 1768 2846 Tempesta
1787 2820 1834 2837 era
1849 2814 1868 2837 il
1883 2815 1966 2837 conte

1071 2856 1099 2879 di
1119 2855 1201 2879 Eboli
1225 2856 1337 2880 fratello
1356 2855 1385 2879 di
1407 2863 1435 2880 re
1454 2855 1580 2879 Roberto
1598 2855 1611 2880 1
1631 2863 1645 2880 e
1671 2856 1700 2880 di
1727 2855 1843 2887 Filippo
1863 2857 1890 2880 di
1912 2854 1965 2880 Ta-

1073 2899 1164 2921 rante.

1161 2935 1172 2953 ²
1192 2937 1237 2963 Cf.
1260 2938 1378 2963 Annales
1407 2939 1567 2963 caesenate:
1596 2939 1624 2962 in
1645 2939 1710 2963 RR.
1739 2938 1776 2963 11.
1804 2939 1862 2967 SS.,
1891 2939 1965 2969 xiv,

1075 2985 1149 3012 1115.

1994 2520 2024 2543 25

1993 2733 2028 2758 30

1993 2943 2024 2970 35

2039 1205 2058 1219 c.
2074 1199 2127 1221 515
