2370 3603
42 830 79 859 10

42 1091 78 1123 15

59 2100 72 2124 5

45 2361 76 2378 10

45 2784 78 2801 20

46 2990 77 3015 ²5

104 239 401 275 [AA.1346-13471
710 230 971 266 IOHANNIS
999 231 1068 265 DE
1096 228 1318 266 BAZANO

107 302 1912 314 .................................................................................................................................................................................................
1914 303 1928 309 -

105 361 138 387 et
161 355 316 392 Cendae,
340 360 492 396 portatus
516 355 559 386 de
583 360 694 385 castro
717 353 925 395 Martelengi
949 353 1100 384 infirmus
1123 352 1167 384 ad
1190 358 1333 384 mortem
1356 352 1400 383 ad
1424 352 1551 383 dictam
1576 351 1745 383 civitatem
1762 350 1937 388 Ravenae‚

105 407 149 439 de
173 408 238 439 hoc
263 408 398 439 saeculo
422 406 673 449 transmigravit
686 405 706 443 ¹,
730 406 859 438 relictis
883 406 988 438 tribus
1011 406 1096 444 filiis,
1122 415 1266 447 quorum
1283 416 1370 436 unus
1386 405 1581 436 Bernardus
1605 404 1717 435 eidem
1734 403 1768 434 in
1786 403 1936 435 dominio

105 459 269 491 successit
293 460 461 491 dictarum
486 459 670 495 civitatum,
694 458 770 489 aliis
794 458 957 489 fratribus
973 468 1041 489 non
1058 457 1360 489 consentientibus.
1407 457 1538 489 Eodem
1554 456 1733 488 millesimo
1751 455 1805 487 die
1823 455 1936 486 martis

104 524 124 543 v
149 511 342 544 decembris
365 512 473 554 Obico
497 512 655 543 Marchio
679 511 773 541 venit
797 510 962 547 Mutinae,
987 517 1021 542 et
1051 510 1107 542 die
1132 511 1188 553 viij
1218 510 1412 542 decembris
1443 509 1688 541 ambaxiatores
1720 509 1763 539 de
1794 508 1937 539 Mantua

104 571 272 596 venerunt
295 565 448 596 Mutinae
474 564 656 596 occasione
681 573 825 605 guerrae
851 563 1013 595 hactenus
1036 563 1200 604 h[ab]itae
1225 569 1258 594 et
1281 562 1375 604 pacis
1397 563 1542 599 fiendae,
1567 568 1600 592 et
1623 561 1679 592 die
1702 572 1722 591 x
1746 561 1938 592 decembris

103 617 205 649 rediit
227 618 380 649 Mutinae
399 618 567 649 Iohannes
590 617 633 648 de
659 617 770 648 Fredo
787 616 797 632 ²
823 616 879 657 qui
902 622 982 647 ante
1006 622 1077 647 erat
1101 615 1238 647 rebellis
1262 615 1391 647 domini
1412 614 1623 646 Marchionis
1640 619 1673 645 et
1691 613 1842 645 comunis
1857 612 1935 644 Mu-

104 670 204 701 tinae.
251 670 294 702 Et
312 671 368 702 die
392 670 507 701 martis
523 669 569 710 xij
596 669 788 700 decembris
805 669 836 699 in
863 668 976 711 vigilia
993 674 1130 701 sanctae
1147 668 1275 700 Luciae
1293 667 1559 710 praechonicata
1575 667 1640 698 fuit
1655 677 1721 708 pax
1739 666 1773 697 in
1791 664 1935 697 Palacio'

103 723 174 754 sive
199 723 232 753 in
256 723 460 765 arengheria
483 722 640 753 comunis
662 721 818 752 Mutinae
843 721 931 753 inter
956 721 1083 753 dictum
1107 721 1284 752 dominum
1308 720 1543 752 Marchionem
1568 719 1766 760 [dominum]
1791 718 1935 750 civitatis

102 776 262 807 Ferariae
287 782 321 807 et
343 775 496 806 Mutinae
520 780 552 806 et
576 784 720 805 comune
746 774 900 805 Mutinae
926 785 967 805 ex
990 785 1057 805 una
1081 781 1177 815 parte
1202 780 1236 805 et
1259 773 1415 805 dominos
1439 773 1482 804 de
1506 773 1669 815 Goncaga
1701 772 1857 803 dominos
1889 771 1936 801 ci-

103 828 214 859 citatis
237 828 400 859 Mantuae
424 834 458 858 et
478 828 584 870 Regii
607 833 640 858 et
663 827 736 868 ipsa
760 827 920 858 comunia
944 837 986 857 ex
1009 827 1117 858 altera
1140 832 1248 867 parte,
1272 826 1315 857 de
1339 836 1463 868 guerra
1487 835 1609 866 magna
1640 835 1727 866 quae
1759 824 1825 855 fuit
1848 823 1936 855 inter

104 881 213 912 dictos
237 881 368 913 duobus
391 880 488 911 annis
507 880 669 921 proximis
694 880 826 921 elapsis.
874 880 917 911 Et
941 879 997 911 die
1022 879 1195 911 dominico
1219 878 1286 921 xvij
1316 878 1508 910 decembris
1531 878 1633 909 rediit
1656 877 1824 909 Mutinam
1841 876 1936 907 Hen-

106 934 196 965 ricus
219 934 261 965 de
287 934 445 976 Gorcano
481 933 538 975 qui
567 939 639 965 erat
673 932 812 964 rebellis
848 932 1001 964 comunis
1035 931 1189 963 Mutinae
1225 938 1258 963 et
1293 937 1478 972 acceperat
1501 930 1705 972 prodicione
1737 930 1846 971 ipsum
1879 939 1935 960 ca-

103 992 207 1018 strum
240 987 388 1030 Gorcani
420 997 496 1018 cum
526 986 758 1028 Henghiramo
785 985 827 1017 de
852 985 1010 1026 Gorcano
1036 994 1112 1016 cum
1149 984 1251 1016 certis
1275 984 1350 1016 aliis
1375 984 1418 1015 de
1453 984 1556 1015 domo
1580 995 1650 1015 sua.
1696 982 1753 1015 'Et
1776 983 1818 1014 de
1842 982 1935 1013 dicto

102 1050 218 1072 mense
235 1039 427 1071 decembris
451 1039 569 1070 civitas
592 1039 738 1083 Cadme,
765 1049 851 1080 quae
875 1048 967 1069 nunc
993 1043 1065 1069 erat
1089 1043 1123 1069 et
1146 1037 1211 1068 fuit
1235 1036 1372 1068 obsessa
1395 1047 1415 1068 a
1439 1037 1582 1068 Venetis
1605 1045 1667 1077 per
1690 1035 1786 1078 xviij,
1803 1045 1937 1066 menses

103 1091 161 1133 [et]
184 1092 281 1130 ultra,
305 1093 398 1124 venit
422 1093 465 1123 ad
488 1091 650 1123 mandata
674 1091 842 1123 dictorum
866 1090 1088 1128 Venetorum,
1113 1101 1190 1122 cum
1214 1089 1352 1132 corigiis
1375 1089 1419 1120 ad
1443 1089 1567 1120 collum
1599 1088 1705 1130 ipsius
1728 1087 1872 1125 nunciis,
1897 1087 1936 1118 li-

102 1145 184 1176 bere
201 1151 235 1176 et
258 1144 410 1176 absolute
425 1144 446 1176 ³.

192 1198 369 1238 [Dominus
393 1198 559 1229 Nicolaus
583 1196 758 1229 Balsamus
782 1197 825 1228 de
848 1196 1022 1228 Tolomeis
1046 1196 1089 1227 de
1114 1195 1213 1228 Senis
1228 1194 1428 1236 praedictus
1445 1194 1601 1227 Potestas
1624 1195 1780 1226 Mutinae
1797 1204 1858 1236 pro
1876 1194 1938 1225 do·-

102 1249 195 1280 mino
209 1248 413 1280 Marchione
430 1248 478 1289 in]
496 1247 747 1290 M.cccxxxxvij
761 1246 772 1263 ⁴¹
785 1246 893 1287 [dicto
910 1247 1012 1288 anno]
1026 1247 1069 1278 de
1082 1257 1197 1278 mense
1214 1246 1357 1277 ianuarii
1371 1245 1488 1277 civitas
1504 1245 1678 1277 Tortonae
1696 1245 1776 1277 data
1792 1245 1857 1276 fuit
1873 1254 1936 1286 per

103 1302 323 1334 concordiam
341 1301 480 1333 domino
497 1300 654 1332 Luchino
669 1301 711 1332 de
725 1300 907 1332 Vescontis
921 1300 1058 1332 domino
1075 1299 1266 1331 Mediolani
1281 1305 1314 1331 et
1327 1298 1506 1330 multarum
1523 1298 1663 1330 aliarum
1678 1298 1865 1335 civitatum,
1880 1297 1938 1338 qui

104 1355 230 1386 dictam
243 1355 414 1386 civitatem
432 1354 607 1385 Tortonae
625 1364 702 1385 cum
720 1359 822 1395 gente
839 1363 900 1384 sua
923 1352 1113 1390 obsidebat,
1130 1357 1230 1393 prout
1246 1351 1361 1383 nuncii
1383 1350 1537 1382 Mutinae
1561 1351 1746 1382 retulerunt
1770 1356 1803 1381 et
1826 1350 1935 1381 induti

103 1408 241 1439 fuerunt
253 1418 273 1438 a
286 1407 423 1439 comuni
438 1406 593 1438 Mutinae
611 1406 795 1438 occasione
814 1405 994 1447 praedicta
1007 1404 1035 1442 ⁵3
1054 1411 1088 1436 et
1103 1410 1179 1446 post
1196 1404 1364 1446 aliquibus
1380 1403 1500 1436 diebus
1515 1404 1649 1444 elapsis,
1666 1403 1837 1434 civitatem
1853 1401 1936 1433 Ale-

101 1460 266 1492 xandriae
284 1460 402 1492 habuit
425 1470 488 1501 per
503 1459 734 1490 concordiam.
781 1458 882 1489 Dicto
900 1464 1054 1499 tempore
1073 1458 1115 1489 de
1132 1467 1248 1488 mense
1265 1456 1345 1488 maii
1364 1456 1501 1488 domina
1518 1456 1664 1487 Isabella
1681 1456 1723 1486 de
1739 1455 1878 1495 F[1]isco
1892 1455 1936 1486 de

102 1513 216 1551 Ianua,
234 1523 317 1544 uxor
333 1512 462 1545 domini
475 1512 623 1543 Luchini
641 1512 683 1542 de
698 1511 881 1542 Vescontis
899 1510 1027 1542 domini
1041 1509 1232 1542 Mediolani
1245 1509 1302 1550 [et]
1316 1509 1495 1541 multarum
1508 1509 1680 1540 civitatum
1695 1507 1934 1545 Lombardiae‚

103 1566 284 1598 occasione
299 1566 475 1597 cuiusdam
488 1564 575 1596 voti⁶
588 1574 651 1606 per
665 1574 739 1595 eam
753 1563 835 1595 facti
850 1563 908 1594 ivit
921 1563 1092 1595 Venecias
1105 1563 1149 1594 ad
1163 1562 1323 1594 Sanctum
1336 1562 1535 1598 Marchum3
1550 1568 1584 1593 et
1597 1561 1803 1593 transeundo
1812 1571 1874 1602 per
1887 1561 1936 1592 ci-

102 1619 240 1650 vitatem
258 1618 418 1650 Veronae
434 1623 503 1649 tam
519 1627 605 1648 uxor
623 1617 751 1649 domini
767 1616 905 1648 Mastini
923 1615 1014 1647 della
1031 1615 1134 1647 Scala
1151 1626 1227 1646 cum
1246 1615 1410 1646 trecentis
1426 1614 1629 1647 dominabus
1641 1614 1686 1646 ad
1698 1624 1820 1656 equum
1835 1624 1935 1655 quam

101 1673 174 1713 ipse
199 1671 355 1703 dominus
377 1671 544 1702 Mastinus
568 1681 644 1702 cum
668 1670 784 1701 multis
807 1669 882 1700 aliis
905 1669 1039 1700 iverunt
1063 1668 1199 1700 obviam
1225 1668 1339 1699 dictae
1364 1667 1520 1699 dominae
1543 1678 1685 1709 eamque
1704 1666 1885 1709 magnifice
1903 1672 1936 1697 et

103 1725 292 1756 honorifice
317 1730 522 1765 receperunt
546 1730 579 1754 et
603 1724 690 1754 inter
714 1723 796 1754 alias
821 1733 907 1754 uxor
929 1722 1058 1753 domini
1081 1721 1220 1752 Mastini
1243 1721 1411 1762 praedicti
1436 1720 1575 1752 donavit
1607 1720 1717 1751 eidem
1749 1719 1844 1751 uxori
1875 1720 1935 1750 do-

102 1778 184 1808 mini
206 1777 353 1809 Luchini
376 1787 478 1808 unam
503 1786 665 1808 coronam
689 1775 814 1808 valoris
842 1776 995 1817 quinque
1019 1774 1149 1806 milium
1177 1774 1383 1806 florenorum
1407 1773 1491 1810 auri,
1509 1772 1559 1804 'et
1582 1784 1643 1815 per
1667 1772 1828 1805 officiales
1852 1772 1934 1803 dicti

195 1924 215 1941 1.
235 1916 324 1941 Cerve
343 1916 374 1939 A.
396 1929 427 1932 —
449 1923 472 1940 2.
492 1915 680 1939 Bernardinus
699 1915 785 1945 Mum,
810 1916 855 1940 Cr.
877 1929 906 1932 —
929 1921 982 1946 3-4.
1003 1915 1102 1939 martis
1120 1914 1136 1938 6
1154 1914 1203 1943 A.;
1224 1913 1353 1938 mercurii
1373 1912 1389 1936 6
1409 1913 1495 1941 Mun..
1517 1914 1581 1941 Cr.;
1600 1913 1624 1935 il
1641 1911 1801 1943 uiaret-dista
1821 1912 1846 1934 il
1862 1920 1877 1939 5
1896 1911 1936 1936 di-

104 1961 218 1990 cembre‚·
230 1961 310 1994 forse
329 1960 487 1991 l’originale
506 1968 595 1984 aveva
613 1961 705 1985 scritto
725 1960 780 1991 iiiij
796 1960 840 1983 che
847 1961 884 1992 su
898 1960 965 1983 male
978 1960 1041 1983 letto
1055 1967 1068 1982 e
1079 1960 1220 1983 trascritto
1234 1966 1280 1983 eon
1293 1959 1309 1982 ό
1324 1971 1352 1974 ι
1370 1964 1393 1988 5.
1407 1956 1495 1989 pacis]
1508 1964 1579 1981 corr.
1594 1957 1680 1985 Mun.⁷
1695 1957 1756 1985 Cr.3
1769 1957 1860 1987 pactis
1879 1956 1910 1979 A.
1926 1968 1936 1973 -

105 2004 221 2035 fiendae]
242 2005 387 2028 faciendae
407 2005 484 2029 Μυκ.
505 2017 537 2021 -
556 2003 581 2028 6.
602 2004 709 2027 rebelus
728 2004 759 2028 Α.
779 2005 824 2035 qui
841 2012 853 2027 e
873 2005 890 2027 l.
909 2010 943 2027 12
958 2016 988 2020 -
1003 2003 1027 2027 8.
1042 2003 1186 2026 dominum
1207 2011 1275 2034 agg.
1294 2002 1371 2026 Mun.
1394 2015 1423 2018 —
1448 2008 1487 2025 10.
1502 2001 1660 2024 comunitas
1674 2000 1761 2029 Mum,
1776 2001 1821 2024 Cr.
1841 2012 1871 2016 —
1895 2006 1935 2023 11.

105 2050 211 2073 dictum
230 2050 262 2072 A.
283 2063 314 2067 —-—
338 2055 377 2079 13.
393 2049 575 2080 Heughirano
588 2048 620 2071 A.
635 2061 666 2065 -—
684 2053 723 2078 15.
738 2050 766 2072 et
779 2049 876 2072 avanti
887 2048 961 2072 ultra
976 2056 1042 2079 agg.
1058 2047 1143 2077 Mun„
1160 2047 1204 2072 Cr.
1226 2059 1257 2064 —
1281 2045 1368 2076 17-18.
1390 2047 1586 2070 Dominus....
1607 2046 1635 2068 in
1656 2053 1667 2068 c
1687 2044 1762 2067 dicto
1781 2051 1856 2067 anno
1875 2051 1935 2068 sono

104 2101 171 2125 agg.
191 2093 330 2124 sugg-erite
350 2093 384 2116 da
399 2093 439 2117 M.
457 2093 501 2116 che
517 2091 582 2123 perci
602 2092 634 2115 ha
650 2093 742 2116 Balsus
756 2101 768 2115 e
787 2095 879 2116 ometle
899 2092 932 2115 de
952 2092 1094 2116 Tolomeis
1114 2091 1148 2115 de
1168 2091 1248 2115 Senis
1269 2104 1299 2107 —
1326 2098 1362 2121 19.
1383 2090 1533 2113 Vescontis
1553 2090 1585 2112 de
1604 2089 1767 2112 Mediolano
1787 2089 1828 2117 A.‚
1848 2088 1933 2112 Mun..

95 2139 149 2166 Cre,
163 2137 242 2162 Mun.
255 2136 322 2168 perh
336 2146 351 2160 ιι
364 2136 558 2168 civitatum-fa
570 2137 673 2167 seguire
687 2136 802 2160 domino
818 2148 850 2153 --
865 2142 907 2160 20.
921 2135 1075 2159 retulerunt
1087 2142 1155 2159 corr.
1170 2135 1264 2164 Mur<.3
1283 2135 1427 2158 redierunt
1445 2134 1487 2162 A„
1509 2134 1555 2158 Cr.
1568 2145 1579 2151 ·
1591 2133 1699 2156 inducti
1720 2133 1760 2161 A..
1783 2133 1827 2156 Cr.
1848 2145 1879 2148 —
1896 2137 1936 2162 23.

104 2182 131 2205 et
143 2189 210 2212 agg.
230 2181 316 2210 Mun..
339 2182 382 2205 Cr.
405 2195 435 2197 —
457 2186 497 2211 24.
517 2180 658 2203 cuiusdam
673 2187 742 2204 corr.
758 2181 843 2209 Mum,
865 2180 925 2209 Cre.
943 2179 1026 2203 cuida
1040 2179 1072 2204 A.
1088 2193 1119 2196 —-
1136 2184 1177 2209 25.
1191 2178 1261 2210 tam]
1276 2180 1343 2202 tunc
1358 2178 1443 2206 Mun„
1461 2177 1505 2201 Cr.
1520 2190 1530 2195 -
1544 2176 1639 2208 quaml
1654 2176 1721 2207 quin
1742 2178 1769 2200 et
1788 2176 1873 2204 Mun,
1889 2178 1935 2201 Cr.

105 2239 136 2244 -
158 2231 198 2256 27.
218 2225 289 2250 alios
310 2226 397 2255 Mun„
418 2226 462 2249 Cr.
484 2238 516 2242 —
537 2226 578 2249 28.
598 2225 734 2248 collariam
760 2224 847 2252 Mun..
870 2225 915 2249 Cr.
937 2236 947 2242 —
966 2224 1044 2248 milia
1064 2223 1275 2248 florentinorum
1294 2223 1343 2249 Α.,·
1363 2222 1479 2246 millium
1501 2221 1669 2245 florenorum
1690 2221 1777 2249 Mun..
1798 2221 1843 2245 Cr.

105 2314 229 2337 cronista
249 2313 283 2336 ha
302 2314 410 2337 taciuto
431 2312 478 2336 che
500 2312 519 2335 il
534 2311 650 2335 castello
665 2311 694 2335 di
713 2318 762 2335 san
777 2310 870 2334 Felice
885 2311 927 2334 sul
940 2310 992 2334 Pa-

105 2363 172 2379 naro
191 2362 237 2379 era
256 2357 330 2379 stato
351 2356 487 2386 occupato
509 2354 528 2377 il
552 2360 580 2385 17
596 2356 694 2384 agosto
717 2352 783 2384 1346
796 2354 830 2376 da
844 2352 991 2377 Leonardo

103 2397 170 2421 Pico
190 2406 204 2420 e
224 2397 288 2421 altri
310 2398 370 2420 suoi
392 2397 483 2421 amici.
504 2398 547 2419 tra
561 2397 603 2419 cui
620 2395 708 2419 Paolo
727 2395 803 2424 Pico,
820 2395 943 2418 aderenti
965 2396 989 2419 ai

104 2438 256 2471 Gonzaga:
279 2439 306 2462 fu
327 2440 374 2470 poi
402 2438 545 2462 restituito
570 2438 627 2469 agli
649 2437 769 2465 Estensi,
790 2438 797 2460 i
818 2436 893 2467 quali
914 2438 991 2468 quin-

104 2480 248 2504 d'innanzi
271 2482 297 2504 vi
313 2487 412 2511 posero
427 2487 463 2503 un
480 2480 540 2503 loro
561 2477 677 2510 podesta
692 2478 737 2508 (cs.
753 2478 781 2502 P.
796 2478 991 2505 Cos‘rAGIAm,

106 2524 234 2547 Memorie
253 2526 316 2546 stor.
336 2523 366 2546 di
384 2523 410 2547 S.
432 2523 529 2552 Felice,
542 2521 672 2549 Modena.
690 2520 762 2553 1890,
778 2528 823 2552 pp.
838 2519 871 2544 28
888 2529 901 2544 e
922 2519 992 2551 286).

104 2565 141 2589 Su
160 2567 257 2596 questo
277 2564 364 2588 Paolo
383 2565 460 2590 Pico.
480 2565 575 2588 ucciso
596 2564 640 2587 nel
659 2569 732 2594 1354,
753 2564 858 2586 mentre
878 2570 923 2586 era
943 2570 990 2594 po-

104 2607 181 2632 desta
211 2609 239 2631 in
265 2607 386 2633 Verona.
414 2609 436 2630 si
465 2607 533 2630 veda
562 2605 591 2630 F.
615 2606 755 2633 szmn.
784 2606 924 2637 Biografie
946 2605 991 2635 pi-

105 2649 197 2679 chenst',
218 2648 386 2679 Mirandola,
411 2655 484 2681 1913.
506 2649 561 2672 vol.
581 2648 627 2673 IV.
647 2655 692 2680 pp.
714 2653 802 2678 41-47.

193 2689 199 2705 ¹
221 2689 334 2714 Ostasio
348 2689 361 2713 Ι
374 2691 408 2714 da
428 2690 547 2714 Polenta
568 2688 639 2713 mori
659 2690 680 2713 il
704 2696 734 2719 14
754 2688 904 2712 novembre
926 2687 992 2719 1346

105 2731 179 2765 (Chr.
201 2733 267 2762 Est.,
288 2731 349 2763 432)
369 2740 383 2756 e
405 2732 479 2755 nella
506 2733 632 2763 signoria
658 2731 686 2754 di
712 2730 847 2754 Ravenna
869 2730 909 2761 gli
937 2737 992 2753 suc-

105 2775 210 2798 cedette
232 2773 251 2796 il
275 2773 354 2805 figlio
381 2773 556 2798 Bernardino
578 2773 611 2797 11.
650 2771 747 2800 Questi
776 2774 859 2795 tenne
888 2773 934 2802 poi
965 2772 991 2795 la

106 2818 231 2847 signoria
251 2817 313 2839 sino
333 2816 358 2839 al
379 2823 392 2847 3
414 2817 501 2847 aprile
525 2821 597 2847 1347,
619 2817 646 2839 in
663 2816 705 2838 cui
722 2815 750 2838 su
771 2815 931 2845 spodestato
946 2815 989 2837 dai

107 2858 210 2882 fratelli
233 2858 372 2881 I‘andolso
392 2866 405 2881 e
425 2857 574 2881 Lamberto
596 2857 629 2884 ΙΙ,
643 2864 691 2888 per
705 2856 792 2887 poche
807 2857 963 2883 settimaroe,
977 2863 991 2879 e

107 2900 133 2923 la
154 2901 256 2930 riprese
277 2899 295 2922 il
318 2906 350 2929 24
376 2901 482 2930 giugno
512 2905 584 2931 1347,
611 2899 761 2922 tenendola
787 2897 842 2920 fino
869 2897 924 2920 alla
944 2904 991 2922 sua

107 2943 202 2966 morte.
223 2941 271 2964 che
293 2942 320 2964 su
342 2941 361 2963 il
386 2948 416 2964 10
435 2948 527 2965 marzo
550 2947 623 2972 1359.

194 2981 204 2997 ²
225 2983 275 3006 Per
295 2984 384 3014 questi
400 2983 464 3007 fatti
486 2983 520 3006 cf.
546 2982 657 3011 Tuus.
678 2983 757 3005 illem.
771 2985 811 3009 st„
826 2980 871 3011 111,
889 2987 935 3010 203
951 2982 988 3004 ivi

1046 2311 1100 2342 egli
1123 2312 1225 2334 scrive:
1249 2310 1315 2333 “Da
1336 2309 1427 2333 alcuni
1449 2309 1513 2332 libri
1535 2309 1562 2332 di
1584 2308 1737 2332 condanne.
1755 2307 1804 2330 che
1824 2314 1931 2331 conser-

1049 2353 1061 2365 “
1075 2354 1153 2377 vansi
1176 2354 1204 2376 in
1225 2354 1322 2383 questo
1343 2351 1480 2375 Archivio
1500 2350 1671 2381 Capitolare,
1696 2349 1858 2380 raccogliesi
1885 2349 1932 2372 che

1048 2395 1061 2407 “
1073 2394 1219 2418 Giovanni
1241 2395 1275 2418 da
1296 2394 1392 2420 Fredo,
1413 2394 1529 2416 rimesso
1549 2393 1676 2423 poc'anzi
1691 2392 1736 2415 dal
1752 2391 1889 2415 marchese
1904 2392 1931 2414 in

1049 2437 1122 2460 “sua
1142 2437 1246 2468 grazia,
1273 2435 1436 2458 trovandosi
1463 2434 1627 2465 quest’anno
1657 2438 1720 2464 1347
1748 2433 1792 2456 nel
1813 2440 1883 2456 mese
1904 2433 1931 2456 di

1048 2478 1184 2510 “maggio
1206 2479 1234 2501 in
1254 2477 1377 2503 Ferrara.
1398 2474 1459 2500 ordi
1487 2483 1541 2499 una
1562 2477 1696 2506 congiura
1716 2482 1764 2506 per
1787 2475 1931 2506 togliergli

1048 2523 1059 2533 “
1074 2522 1092 2544 il
1114 2521 1230 2544 castello
1244 2521 1271 2543 di
1288 2519 1495 2551 Spjllamberto.
1534 2518 1578 2541 Ma
1599 2525 1658 2541 essa
1680 2518 1708 2541 fu
1729 2525 1743 2541 a
1763 2519 1856 2548 tempo
1874 2524 1931 2540 sco-

1048 2564 1060 2575 ⁴‘
1072 2564 1158 2594 perta,
1179 2563 1210 2586 ed
1231 2562 1347 2585 essendo
1361 2561 1416 2592 egli
1434 2561 1552 2591 fuggito,
1569 2560 1595 2583 fu
1617 2560 1803 2587 condennato,
1818 2566 1844 2582 se
1860 2559 1932 2582 fosse

1048 2606 1161 2636 “preso,
1181 2604 1214 2627 ad
1235 2611 1322 2627 essere
1343 2603 1521 2634 appiccato.‚.

1132 2644 1143 2661 ³
1163 2645 1208 2670 Cs.
1231 2646 1294 2670 Chr.
1314 2646 1381 2675 Est„
1407 2651 1513 2677 432-33.

1133 2687 1145 2703 ⁴
1165 2688 1194 2711 Si
1216 2688 1284 2712 veda
1304 2695 1385 2718 sopra
1406 2695 1420 2710 a
1440 2695 1465 2718 p.
1488 2692 1546 2717 132,
1567 2688 1635 2710 nota
1654 2693 1678 2717 3.

1133 2729 1143 2745 ⁵
1161 2729 1201 2754 La
1222 2738 1280 2753 resa
1301 2730 1328 2753 di
1350 2728 1477 2752 Tortona
1504 2729 1529 2752 al
1556 2728 1686 2752 Visconti
1716 2729 1742 2751 fn
1771 2727 1789 2750 il
1818 2735 1846 2759 13
1867 2734 1930 2758 gen-

1048 2774 1121 2800 naio,
1142 2772 1262 2796 secondo
1283 2772 1303 2795 il
1327 2772 1386 2795 Chr.
1403 2771 1469 2798 Est..
1490 2777 1547 2801 433.
1575 2767 1630 2794 Gia
1644 2771 1666 2794 si
1687 2768 1701 2793 'e
1722 2770 1796 2794 visto
1816 2769 1931 2800 qualche

1047 2814 1119 2838 altro
1141 2821 1261 2838 accenno
1282 2813 1448 2837 sull'usanza
1470 2809 1639 2835 medioevale
1659 2812 1686 2835 di
1703 2812 1805 2835 vestire
1825 2819 1839 2835 a
1854 2818 1931 2842 spese

1046 2855 1202 2888 pubblichev
1230 2863 1245 2878 o
1270 2854 1372 2885 meglio
1398 2855 1424 2877 di
1447 2854 1535 2877 donar
1556 2853 1617 2877 loro
1638 2860 1693 2877 una
1713 2854 1796 2880 veste,
1818 2854 1825 2875 i
1847 2853 1929 2875 nunzi

1046 2897 1094 2921 che
1114 2904 1283 2921 arrecasscro
1303 2895 1418 2926 qualche
1438 2895 1505 2919 lieta
1525 2895 1646 2918 novella.

1133 2937 1144 2953 ⁶
1164 2938 1203 2961 Fu
1225 2939 1244 2961 il
1273 2936 1338 2961 voto
1358 2938 1385 2960 di
1412 2938 1528 2960 visitare
1558 2945 1571 2960 a
1593 2938 1711 2960 Venezia
1739 2936 1764 2959 la
1787 2936 1878 2959 chiesa
1901 2936 1928 2959 di

1045 2988 1092 3005 san
1115 2980 1216 3004 Marco.

1987 723 2061 745 Μυκ..
2081 726 2117 744 ουτ

2046 996 2057 1009 ο
2069 996 2072 1005 1
2088 992 2098 1009 Ρ

1960 2480 1994 2504 30

1959 2691 1991 2717 35

1958 2903 1992 2928 40
