2370 3603
78 571 95 603 5

60 836 96 865 10

80 1262 93 1286 5

66 1482 97 1499 10

68 1727 97 1753 ι5

67 1941 99 1957 20

68 2362 101 2387 30

69 2570 99 2595 35

71 2780 105 2805 40

73 2984 104 3009 45

127 244 425 278 [AA.1331-1332]
734 239 989 276 IOHANNIS
1019 240 1088 275 DE
1116 238 1332 276 BAZANO

127 314 160 322 -ο-
162 315 1931 323 .................................................................................................................................................................................................
1933 316 1947 322 .-

124 362 217 394 mino
241 362 348 403 Regi3
374 369 408 395 et
432 363 525 395 dicta
543 362 598 395 die
622 368 699 404 post
723 372 847 394 nonam
865 363 975 395 dictus
992 363 1073 395 Rex
1097 363 1232 395 Mutina
1250 363 1395 395 decessit
1419 368 1452 393 et
1469 363 1531 393 ivit
1549 363 1695 405 Regium
1714 368 1747 394 et
1764 362 1922 395 Parmam
1936 362 1954 394 ¹.

122 414 167 446 Et
190 420 271 446 tunc
296 414 407 446 dictus
430 415 533 456 [Rex]
557 415 663 447 voluit
695 421 730 447 et
760 416 936 447 mandavit
959 422 992 447 et
1015 415 1051 446 in
1076 415 1169 447 dicto
1193 415 1345 447 Consilio
1377 416 1534 457 arengari
1567 415 1652 446 fecit
1684 426 1801 447 omnes
1831 415 1957 447 extrin-

123 476 222 499 secos
245 467 401 499 Mutinae
426 474 462 499 ut
484 474 622 509 possent
647 467 760 499 redire
784 468 820 498 in
845 468 1017 500 civitatem
1043 474 1076 500 et
1100 468 1226 500 habere
1250 478 1308 498 sua
1333 468 1431 505 bona,
1457 467 1610 509 exceptis
1626 467 1794 500 nobilibus
1818 467 1860 498 de
1878 467 1957 499 Sas-

121 518 215 555 solo,'
239 520 283 551 de
308 520 528 557 Grasonibus,
546 519 589 550 de
606 519 786 551 Boschetis
811 526 844 551 et
869 521 911 552 de
936 520 1173 563 Rangonibus.
1220 520 1385 552 Dominus
1410 520 1590 551 Malatesta
1615 521 1658 552 de
1682 520 1872 552 Malatestis
1899 530 1955 551 ex-

120 571 208 613 pulit
231 578 405 604 consortes
429 582 507 604 suos
531 572 573 603 de
596 571 753 603 Arimino
779 573 835 604 die
859 573 995 605 veneris
1012 573 1117 604 tercio
1134 572 1213 604 maii
1225 574 1246 603 ².

208 624 374 656 Dominus
391 624 533 667 Egidius
545 625 588 656 de
606 625 751 667 Belayre
763 625 916 657 Potestas
933 625 1088 657 Mutinae
1106 636 1168 666 pro
1185 625 1280 657 dicto
1295 626 1392 667 Rege
1409 626 1568 657 Boemiae
1587 626 1622 656 in
1640 625 1731 657 dicto
1748 625 1956 668 M.cccxxxj‚

119 677 260 718 incepto
285 677 448 719 regimine
472 677 506 707 in
531 677 686 708 calendis
708 677 827 718 aprilis
843 688 949 719 usque
967 678 1011 709 ad
1029 677 1281 719 beneplacitum
1300 678 1384 710 dicti
1403 678 1512 720 Regis
1524 677 1545 709 ³.
1584 679 1683 709 Tunc
1701 678 1757 709 die
1776 678 1874 709 lunae
1890 677 1956 719 xvij

121 729 207 760 iunii
232 729 398 761 Nicolaus
415 729 456 760 de
475 729 685 761 Grasonibus
709 730 846 771 accepit
869 736 1016 761 castrum
1040 730 1213 772 Vignolae
1237 741 1312 762 cum
1338 730 1582 771 [conjsortibus
1605 731 1683 768 suis,
1701 731 1744 762 de
1768 740 1834 772 quo
1851 736 1952 762 antea

122 783 234 813 fuerat
258 782 416 823 expulsus
428 781 450 812 ⁴.
497 782 559 813 Die
586 782 703 814 martis
736 783 865 825 [x]xvij‚
891 783 1024 825 augusti
1061 783 1278 815 transmissae
1304 783 1443 814 fuerunt
1468 783 1586 815 literae
1611 783 1765 815 Mutinae
1796 793 1838 814 ex
1861 789 1958 824 parte

120 834 229 877 Regis
245 834 288 866 de
305 835 492 866 concordia
508 835 601 866 facta
618 835 706 866 inter
722 835 964 876 Imperatorem
979 834 989 851 ⁵
1006 841 1039 866 et
1056 836 1164 877 ipsum
1181 843 1215 867 et
1230 836 1394 877 [propter]
1411 836 1477 868 hoc
1495 836 1578 867 facti
1595 836 1732 868 fuerunt
1749 836 1863 879 magni
1877 836 1959 867 fallo

122 886 288 919 Mutinae.
312 887 378 919 Die
395 887 571 919 dominico
595 888 707 929 primo
731 888 935 930 septembris
959 889 1092 920 iudices
1108 889 1237 920 domini
1253 889 1378 931 Legati
1396 895 1429 921 et
1446 889 1575 920 domini
1592 889 1707 921 Caroli
1730 889 1866 920 iverunt
1883 888 1960 921 Sas-

123 941 230 971 solum
247 949 310 981 pro
326 940 604 972 restitucionibus
621 940 742 972 fiendis
758 941 1023 973 intrinsecorum
1041 947 1074 973 et
1088 941 1360 973 extrinsecorum
1377 941 1530 973 Mutinae
1543 941 1564 973 ὅ.
1582 942 1682 974 Tunc
1698 941 1734 972 in
1751 941 1958 983 M.cccx>n<ij

216 1086 238 1104 1.
256 1080 364 1104 Mutine
378 1080 411 1104 A.
426 1093 457 1097 —
473 1086 497 1104 2.
516 1080 574 1104 Rex
594 1089 662 1112 agg.
684 1081 760 1105 Mun.
781 1093 791 1098 -
811 1083 976 1113 congregari
996 1081 1038 1109 A„
1059 1081 1145 1111 Mum,
1163 1082 1221 1106 Cn:
1242 1082 1372 1113 arengari
1393 1080 1405 1105 ἶ*
1424 1079 1686 1113 τοννα.”.<αὲἕενίέα
1705 1081 1739 1105 da
1760 1083 1813 1106 AL:
1834 1082 1861 1104 in
1883 1081 1957 1105 dicto

126 1123 256 1149 Consilio
281 1124 413 1155 arengari
432 1123 502 1148 fecit
520 1125 593 1155 quod
613 1131 711 1148 omnes
737 1125 888 1148 extrinseci
914 1125 1082 1149 mutinenses
1109 1127 1224 1156 possent
1243 1126 1335 1149 redire
1357 1139 1387 1142 —
1409 1131 1433 1155 5.
1454 1125 1521 1156 mail
1542 1125 1638 1158 aprilis
1656 1126 1699 1155 A„
1719 1126 1804 1155 Mun„
1825 1126 1886 1156 Cre,
1905 1126 1960 1155 {l3

125 1168 213 1198 aprile
237 1176 283 1191 era
309 1167 466 1197 mercolmffi
484 1169 511 1192 la
530 1168 658 1197 caccinta,
677 1169 721 1193 cui
736 1170 781 1199 qm*
797 1169 823 1191 si
840 1177 960 1196 arccana,
980 1176 1101 1192 avvennc
1120 1170 1145 1192 il
1157 1179 1176 1200 3
1194 1170 1307 1201 maggfo
1328 1183 1360 1187 --
1380 1170 1403 1193 (›.
1424 1168 1547 1201 Belayre}
1568 1177 1608 1193 ma
1628 1169 1713 1193 hanno
1732 1173 1834 1201 sempre
1853 1169 1960 1193 Belarer

126 1219 139 1234 o
158 1211 268 1236 Belaier
285 1211 328 1240 Λ.,
348 1211 434 1240 Μυκη
460 1213 513 1241 Cr„
537 1213 574 1236 M.
595 1225 626 1229 --
647 1217 670 1242 7.
690 1211 837 1243 regimine]
853 1212 972 1237 termino
991 1212 1033 1242 A.,
1053 1212 1139 1242 Mum,
1162 1213 1207 1237 Cr.
1229 1226 1258 1229 —
1280 1213 1304 1236 8.
1325 1213 1407 1242 iunii!
1430 1213 1488 1236 iulii
1509 1213 1550 1239 A..
1572 1213 1658 1241 Mum,
1680 1214 1741 1242 Cr.;
1762 1214 1881 1236 ianuarii
1905 1214 1958 1242 Mt,-

125 1258 209 1286 qneste
227 1255 288 1279 date
313 1255 358 1279 del
374 1256 460 1288 luglio
487 1264 501 1278 e
519 1256 565 1279 ‹Iel
577 1257 696 1288 germaio
720 1263 782 1279 sono
809 1264 887 1280 senza
905 1256 997 1280 dubbio
1016 1260 1103 1280 errato
1125 1258 1223 1287 perch&
1250 1258 1274 1281 il
1287 1264 1320 1287 17
1340 1258 1426 1289 lnglio
1454 1264 1515 1289 1331
1538 1258 1620 1282 cudda
1637 1259 1664 1282 in
1684 1256 1822 1282 mercoled)
1843 1265 1855 1280 c
1884 1258 1907 1280 il
1930 1263 1960 1287 17

121 1299 239 1331 genunio
258 1299 285 1323 in
299 1298 430 1331 giovedi:
441 1300 478 1332 su
498 1299 585 1323 luned}
596 1300 687 1324 invect!
706 1301 730 1322 il
745 1305 778 1330 17
793 1301 900 1331 giug'no
919 1301 952 1323 ed
971 1298 984 1323 ἱ·
996 1301 1161 1331 sacilskst'mo
1182 1301 1227 1331 (ed
1243 1301 1268 1324 in
1288 1302 1321 1326 Λ.
1340 1300 1353 1324 ὲ
1373 1305 1508 1326 avvcnuto
1527 1302 1553 1324 in
1568 1300 1617 1332 pit>
1636 1301 1737 1332 luoglli)
1756 1302 1781 1324 lo
1798 1301 1908 1325 ,cambio
1925 1301 1960 1323 ιία

126 1343 174 1366 iun
193 1350 209 1366 a
227 1343 291 1374 iul13
310 1350 357 1366 con
379 1343 477 1374 doppx’a
496 1343 505 1367 1
526 1342 539 1366 r*-
550 1347 636 1374 spesso
655 1344 681 1367 in
699 1344 722 1366 A
743 1352 757 1366 e
775 1344 820 1367 nei
837 1344 893 1368 doc.
907 1344 953 1367 del
962 1347 1046 1375 tempo
1064 1345 1157 1368 scritto
1175 1345 1201 1368 il
1217 1353 1284 1368 mese
1302 1345 1331 1368 di
1349 1346 1436 1377 Iuglio
1456 1358 1466 1362 -
1484 1352 1543 1368 cum
1564 1345 1686 1369 sortibus
1704 1345 1748 1375 A„
1768 1345 1825 1373 Cr.;
1848 1351 1959 1368 consor-

126 1387 201 1411 tibus
215 1387 302 1417 Mun„
316 1387 373 1417 Δίς
392 1386 542 1412 l’incontro
556 1388 654 1412 dicum
675 1396 720 1412 con
738 1395 793 1412 con
813 1388 1022 1418 probabilmente
1041 1389 1074 1412 lm
1086 1387 1165 1419 fatto
1185 1389 1278 1413 cadere
1297 1397 1345 1413 uno
1365 1389 1411 1412 dei
1427 1391 1474 1413 due
1495 1403 1525 1406 Ὠ
1546 1397 1570 1419 9.
1584 1389 1677 1422 xxvij]
1696 1394 1725 1419 17
1746 1389 1787 1418 Α.,
1801 1389 1887 1418 Mun„
1904 1389 1958 1418 Cr„

128 1432 184 1461 M.,·
202 1439 244 1455 ma
257 1432 322 1461 ll17
336 1435 430 1463 agosto
443 1432 558 1464 1351su
571 1440 604 1455 un
616 1432 722 1460 sabato‚·
741 1432 752 1455 i
769 1431 882 1456 marledi
904 1431 1027 1462 d’agosto
1042 1433 1159 1457 caeldero
1179 1434 1222 1456 nei
1236 1434 1334 1464 giomi
1351 1434 1376 1463 ὁ,
1396 1441 1435 1463 13,
1454 1441 1487 1458 20
1507 1442 1519 1456 c
1538 1441 1570 1463 27
1589 1442 1602 1456 e
1614 1434 1693 1466 forse
1710 1436 1800 1464 questa
1820 1433 1912 1456 ultima
1932 1432 1961 1460 fu

127 1476 155 1499 Ia
173 1475 236 1499 data
257 1482 326 1500 vera
345 1487 356 1493 -
375 1475 515 1500 Mutinam
540 1476 627 1504 Mun„
655 1477 700 1499 Cr.
721 1489 752 1492 —
776 1482 815 1500 10.
834 1477 862 1499 et
881 1483 914 1500 ex
938 1476 990 1499 hoc
1020 1476 1112 1501 Mum:
1131 1478 1159 1500 et
1177 1477 1212 1501 ob
1231 1477 1281 1500 hoc
1302 1478 1344 1501 M.
1363 1489 1375 1495 -
1395 1476 1453 1501 fale,
1483 1478 1570 1506 Mum,
1593 1479 1652 1507 Cr.3
1672 1476 1787 1502 {allodia
1808 1477 1846 1500 M.
1867 1490 1898 1494 —
1922 1482 1961 1500 11.

127 1518 266 1550 Mutinae]
286 1517 335 1543 cosi
355 1519 441 1548 Mun„
462 1520 517 1549 Cn,
538 1520 592 1547 M.;
613 1519 723 1543 Mutina
742 1519 792 1548 Α.;
813 1519 841 1544 in
862 1519 992 1544 Mutina?
1015 1533 1046 1536 —
1069 1526 1109 1544 12.
1122 1520 1261 1544 faciendis
1275 1521 1352 1546 Mun.

127 1595 139 1607 ‘⁴
152 1597 240 1620 vanni
261 1596 296 1620 da
315 1595 459 1625 Mantova,
479 1595 658 1621 Gherardino
672 1596 734 1626 Pio,
748 1596 891 1621 Autolino
905 1595 936 1628 [1.
956 1597 1014 1620 An-

130 1637 252 1670 “telmo]
272 1638 397 1662 Zancani
416 1646 430 1661 e
448 1638 584 1671 Iacopino
604 1638 766 1663 Bellincinii
803 1639 940 1663 Andaron
961 1639 1015 1662 essi

131 1679 144 1693 “
154 1681 240 1709 tosto,
259 1686 273 1704 e
292 1681 401 1704 avendo
421 1681 536 1704 trovato
555 1681 577 1704 11
597 1689 625 1704 re
647 1680 690 1704 nel
711 1681 829 1713 palazzo
849 1681 923 1704 della
937 1679 1015 1709 cithi,

129 1721 169 1746 “a
188 1722 228 1746 lui
250 1730 263 1746 e
283 1723 306 1746 a'
327 1723 388 1746 suoi
416 1723 569 1746 successori
592 1723 728 1746 offrirono
749 1723 775 1746 la
795 1724 921 1753 signoria
942 1723 1015 1746 della

128 1763 142 1776 “
152 1760 230 1791 cista,
241 1763 268 1788 la
281 1763 362 1795 quale
377 1763 406 1787 su
417 1765 617 1788 cortesemente
629 1765 771 1789 accettata.
809 1764 881 1788 Eran
893 1766 1014 1796 presenti

128 1804 262 1829 “all'atto
281 1805 363 1830 molti
386 1805 559 1830 nobiHssimi
585 1806 755 1838 personaggi
775 1806 874 1830 venuti
893 1814 907 1830 a
929 1807 970 1829 far
990 1806 1016 1830 la

128 1847 228 1871 “corte
257 1846 283 1871 al
304 1855 340 1877 re,
359 1855 372 1871 e
403 1848 443 1872 fra
473 1849 526 1871 essi
547 1847 679 1872 Teodoro
708 1848 849 1871 marchese
877 1848 906 1871 di
937 1848 1015 1871 Mon-

129 1890 269 1918 “ferrato‚
296 1889 444 1914 Ludovico
469 1890 499 1913 di
525 1890 636 1917 Savoia,
664 1890 685 1914 11
713 1890 851 1914 marchese
876 1890 1015 1913 Manfredi

129 1930 320 1962 “Malaspina‚
339 1931 444 1962 Arrigo
465 1933 547 1955 conte
567 1932 595 1955 di
617 1931 710 1960 Meux,
730 1930 894 1962 Gugliclmo
915 1932 948 1955 dn
969 1932 1018 1955 Ca-

129 1972 300 2002 “stelbarco²
326 1971 471 1997 Gherardo
496 1973 624 2005 Spinola,
650 1973 778 1997 Poncino
804 1973 943 2003 Ponzoni,
966 1973 1018 1997 Ro-

129 2014 242 2038 “lando
261 2013 353 2043 Rossi‚
373 2015 453 2038 Azzo
473 2015 507 2039 da
528 2014 691 2046 Correggio,
706 2014 802 2039 Guido
816 2014 878 2043 Pio,
898 2013 1018 2038 Niccolo

130 2056 188 2080 “da
207 2055 298 2080 Fredo
318 2064 332 2080 e
351 2057 480 2088 Zappino
501 2056 575 2080 dalla
595 2056 756 2080 Mirandola
771 2075 792 2084 w

215 2096 223 2112 ¹
244 2098 270 2121 A
283 2097 392 2130 Reggio
408 2099 437 2122 su
458 2099 583 2123 ricevuto
604 2098 647 2122 col
667 2100 771 2130 grande
791 2100 963 2123 entusiasmo
978 2100 1020 2123 de-

128 2141 228 2164 scritto
248 2140 279 2164 in
293 2139 424 2167 Gazam
442 2141 501 2164 Chr.
516 2149 584 2172 reg,
602 2142 629 2164 in
646 2142 708 2164 ΗΕ.
726 2142 762 2164 ll,
779 2141 836 2170 SS,
852 2140 951 2167 XVIII,
965 2141 1018 2164 col.

128 2187 175 2213 45;
190 2189 204 2205 a
224 2181 322 2206 Parma
338 2180 433 2206 arrivo
449 2182 469 2206 il
484 2189 517 2213 24
532 2183 629 2214 aprile,
644 2183 731 2207 anche
746 2181 807 2206 cola
823 2184 950 2207 ricevuto
965 2191 1018 2207 con

127 2223 257 2256 applausi
271 2231 285 2247 e
298 2224 377 2254 segni
388 2224 415 2247 di
431 2224 542 2247 trlonso
557 2224 737 2254 (Chr.pa1·m.,
752 2224 822 2248 ediz.
842 2225 899 2251 cit„
914 2232 939 2257 p.
962 2231 1019 2256 214⁷

128 2265 156 2288 11-
177 2263 274 2296 31·39)-

217 2304 227 2320 ²
245 2306 394 2331 Malatestn
413 2307 447 2334 ΙΙ,
467 2308 516 2330 che
530 2306 637 2339 occupo
651 2306 761 2330 Rimini
776 2308 978 2331 scacciandone
998 2308 1019 2331 il

128 2348 232 2379 cugino
252 2347 420 2373 Ferrantino
440 2357 453 2372 e
473 2349 483 2372 1
498 2350 593 2380 nipoti
608 2349 632 2379 (3
648 2350 759 2380 maggio
777 2349 861 2380 1331),
877 2350 959 2380 agiva
973 2357 1021 2382 per

128 2392 215 2414 conto
240 2390 284 2414 del
304 2390 396 2422 legato
418 2390 572 2414 Bertrando
589 2389 635 2421 (cf.
657 2392 686 2414 L.
707 2391 828 2421 Torum,
855 2392 893 2415 St.
921 2392 950 2414 di
976 2392 1022 2415 Ri-

129 2432 199 2459 mini,
219 2432 265 2462 IV,
288 2431 320 2463 78
334 2440 347 2456 e
367 2440 440 2463 sgg.z
460 2433 493 2455 A.
514 2431 660 2460 MixssizRA,
680 2433 778 2456 lllnrca
797 2433 827 2456 di
844 2434 940 2457 Marco
955 2434 1020 2457 Bat-

129 2473 209 2505 tagH,
230 2475 258 2497 in
280 2475 344 2498 RR.
366 2475 404 2497 II.
426 2475 484 2504 SS.,
505 2473 577 2501 XVI,
597 2476 675 2506 parte
693 2473 740 2499 ΠΙ,
762 2481 786 2505 p.
807 2481 849 2505 32,
870 2477 935 2498 nota
950 2473 984 2506 9).

216 2513 344 2548 ‘'Eg-idio
358 2524 403 2540 era
428 2524 466 2540 un
492 2517 602 2540 tedesco
631 2518 735 2540 venuto
762 2516 793 2540 in
818 2516 901 2540 Italia
927 2517 971 2540 eol
994 2525 1021 2540 re

130 2556 275 2581 Giovanni
296 2558 324 2581 di
346 2558 468 2586 Boemla,
490 2558 510 2581 il
524 2558 614 2589 quale,
629 2559 767 2582 aderendo
782 2558 835 2581 alle
851 2559 957 2582 istanzc
977 2559 1022 2583 del

130 2599 236 2632 popolo
256 2599 285 2623 di
311 2599 430 2623 Modena
451 2600 478 2623 di
506 2607 586 2623 avere
611 2607 647 2623 un
671 2600 684 2612 “
698 2601 834 2623 vicariurn
856 2601 1018 2631 sorensem„

130 2640 168 2672 (p.
190 2640 249 2671 106,
266 2641 283 2664 l.
298 2640 333 2672 4),
355 2641 383 2665 lo
405 2640 522 2665 nomino
541 2639 672 2673 podestz't:
694 2641 715 2665 il
736 2648 786 2665 suo
807 2644 900 2665 casato
920 2641 933 2666 ὲ
954 2643 1021 2666 dato

131 2681 203 2706 nelle
222 2682 311 2706 forme
332 2681 380 2715 piix
394 2683 516 2707 svariate
535 2684 579 2707 dai
595 2683 759 2707 documenti
779 2684 929 2708 modenesi.
952 2684 964 2696 “
978 2684 1023 2708 Be-

134 2724 147 2736 “
158 2724 242 2755 lager,
256 2724 390 2756 Bellager,
410 2725 544 2757 Belagyer
564 2725 713 2756 Bellagere.
730 2725 867 2753 Belahere,
883 2725 1021 2757 Belaywe,

133 2767 255 2799 Belayre,
267 2768 402 2800 Bellayre‚
413 2768 539 2800 Bellayer
551 2787 563 2800 „
580 2769 680 2799 (Mem,
693 2777 716 2792 a.
731 2776 803 2799 1331,
817 2776 862 2798 nn.
875 2776 933 2800 992.
949 2776 1021 2801 1471,

137 2809 209 2841 1613,
233 2810 306 2841 1726,
327 2817 402 2842 2171,
424 2818 499 2843 2535,
521 2818 588 2843 2790
615 2818 683 2839 e‹:c.;
705 2819 728 2835 a.
758 2818 831 2841 133²·
857 2810 890 2835 11.
912 2819 957 2835 nn.
982 2817 1019 2842 17,

134 2859 194 2884 454,
222 2858 280 2882 500,
310 2851 389 2883 685);
410 2853 435 2876 la
466 2853 554 2877 forma
575 2851 622 2884 pii!
650 2854 738 2877 esatta
765 2851 778 2876 c
805 2853 898 2883 quella
925 2854 956 2876 (ln
980 2862 1021 2877 me

135 2894 269 2917 adottata.
308 2893 346 2917 Lu
375 2894 533 2926 pedesteria
559 2895 603 2918 (101
634 2894 747 2926 Belayre
775 2893 846 2917 duro
875 2895 948 2917 dalle
977 2903 1020 2918 ca-

135 2936 215 2959 lende
235 2936 263 2960 di
284 2936 372 2967 aprile
396 2943 458 2967 1331
480 2944 495 2959 a
509 2937 584 2960 tutto
606 2936 626 2959 il
647 2936 768 2966 germaio
789 2936 832 2959 del
851 2943 922 2967 1332,
943 2945 956 2959 ι’
977 2944 1024 2968 per

136 2980 143 3002 i
171 2978 257 3009 primi
288 2980 352 3002 mesi
383 2979 410 3002 di
438 2978 599 3010 quell'anno
627 2980 647 3001 si
679 2979 766 3009 ripete
795 2978 1023 3003 Pintestazione:

1071 1590 1082 1603 ‘⁴
1101 1593 1226 1623 tempore
1254 1592 1359 1616 nobilis
1379 1593 1433 1616 viri
1460 1594 1485 1617 d.
1510 1592 1607 1624 Egidii
1627 1593 1660 1616 de
1686 1592 1799 1624 Belayre
1826 1598 1874 1615 nec
1903 1599 1960 1614 non

1075 1633 1206 1656 “nobilis
1233 1635 1287 1656 viri
1316 1634 1341 1657 cl.
1372 1634 1507 1668 Brongini
1533 1636 1566 1658 de
1595 1634 1708 1666 Caymis
1737 1635 1770 1658 de
1797 1633 1960 1657 Mediolano

1074 1673 1086 1686 ‘¹
1100 1676 1271 1706 potestatum
1283 1676 1410 1700 civitatis
1422 1684 1473 1708 pro
1484 1683 1560 1700 sacra
1572 1678 1647 1707 regia
1658 1678 1802 1701 maiestate
1822 1677 1934 1700 Boemie
1947 1695 1959 1707 ,‚

1072 1715 1173 1747 (Mem,
1192 1724 1215 1741 a.
1240 1725 1312 1749 1332,
1332 1718 1365 1747 Π,
1386 1726 1432 1742 nn.
1457 1726 1478 1748 1,
1497 1725 1555 1750 395,
1578 1723 1636 1751 759,
1657 1718 1715 1747 801,
1735 1718 1794 1750 887,
1814 1719 1884 1751 905).

1159 1758 1171 1774 4
1191 1759 1314 1791 Vignola
1334 1767 1380 1783 era
1400 1762 1471 1784 stata
1491 1761 1564 1784 tolta
1583 1768 1654 1792 poco
1674 1762 1764 1792 prima
1784 1763 1809 1785 ai
1825 1759 1961 1785 Grassoni

1071 1803 1105 1826 da
1124 1802 1264 1826 Manfredi
1286 1801 1336 1825 Pio
1357 1801 1480 1833 (Timum,
1500 1803 1571 1830 Dis..
1590 1803 1624 1829 ΙΙ,
1644 1803 1716 1835 414).

1158 1842 1169 1858 ⁵
1189 1843 1337 1867 Ludovico
1358 1843 1378 1866 il
1399 1844 1516 1874 Bavaro,
1537 1843 1583 1876 gia
1603 1847 1738 1869 coronato
1759 1846 1926 1877 imperatore
1946 1854 1959 1869 a

1072 1885 1161 1909 Roma
1182 1886 1226 1909 nel
1256 1884 1328 1917 1328,

1160 1925 1171 1941 ὓ
1191 1926 1243 1950 Per
1261 1927 1355 1951 effetto
1376 1928 1449 1959 degli
1477 1929 1587 1952 accordi
1608 1930 1681 1960 presi
1702 1929 1747 1953 dal
1768 1936 1795 1953 re
1815 1928 1959 1953 Giovanni

1073 1969 1117 1992 eol
1132 1969 1225 2000 legato
1239 1969 1402 1997 Bertrando,
1416 1970 1464 1993 che
1481 1971 1608 1994 savoriva
1628 1971 1638 1994 1
1658 1971 1768 2002 signori
1781 1971 1815 1994 da
1828 1970 1962 1995 Sassuolo

1073 2012 1135 2034 suoi
1158 2012 1272 2039 fautori,
1293 2011 1378 2035 Carlo
1397 2013 1424 2036 di
1446 2013 1659 2044 Lussemburgo,
1679 2012 1757 2044 figlio
1777 2013 1820 2037 del
1843 2021 1869 2036 re
1897 2012 1962 2036 Gio-

1074 2055 1169 2081 vanni,
1191 2055 1219 2077 su
1240 2055 1283 2078 dal
1305 2055 1389 2085 padre
1410 2056 1482 2078 fatto
1504 2057 1598 2079 venire
1623 2057 1650 2079 in
1676 2055 1759 2079 Italia
1778 2063 1826 2086 per
1852 2063 1961 2087 rappre-

1075 2097 1214 2120 sentarlo:
1236 2096 1408 2120 neil’Emilia
1421 2095 1590 2128 egliflgiunse
1604 2097 1659 2120 alla
1674 2097 1746 2121 meta
1760 2098 1787 2121 di
1804 2098 1900 2128 aprile.
1937 2097 1960 2120 11

1074 2138 1192 2162 Morano
1214 2139 1311 2162 infatti
1327 2139 1357 2161 in
1378 2147 1413 2162 uu
1429 2140 1554 2170 periodo.
1570 2140 1618 2162 che
1633 2140 1667 2163 da
1681 2138 1830 2163 Giovanni
1845 2140 1878 2163 da
1893 2140 1958 2163 Baz-

1075 2188 1146 2204 zano
1166 2189 1182 2203 o
1203 2181 1247 2203 dal
1269 2188 1317 2204 suo
1339 2182 1448 2211 copista
1476 2181 1504 2204 (11
1531 2182 1553 2204 ,1
1580 2180 1594 2204 'e
1620 2183 1694 2205 stato
1721 2188 1838 2210 omesso‚
1864 2183 1962 2211 sci-ive,

1075 2224 1268 2247 continuando
1283 2223 1358 2254 dopo
1379 2224 1547 2254 Raugonibus
1567 2222 1606 2254 (v.
1629 2224 1648 2247 l.
1670 2231 1685 2254 4
1705 2224 1735 2247 di
1755 2225 1850 2254 questa
1870 2224 1960 2256 pag.):

1076 2267 1087 2277 *¹
1102 2265 1136 2289 Et
1147 2266 1191 2289 die
1202 2265 1300 2288 martis
1310 2271 1360 2295 xv]
1371 2264 1472 2296 aprilis
1485 2265 1616 2289 dominus
1627 2266 1746 2289 Carolus
1757 2267 1962 2297 primogenitus

1078 2310 1088 2320 *¹
1102 2308 1172 2331 dicti
1192 2307 1277 2338 Regis
1298 2307 1376 2330 venit
1402 2306 1529 2330 Parmam
1541 2304 1570 2338 ,ᾖς
1590 2307 1641 2330 cfr.
1671 2308 1757 2330 anche
1779 2309 1838 2331 Chr.
1862 2311 1960 2338 parm,

1076 2357 1101 2381 p,
1122 2356 1180 2379 214,
1202 2350 1217 2372 li
1242 2348 1281 2372 18.
1319 2348 1406 2372 Cario
1426 2349 1492 2372 ebbe
1507 2351 1674 2372 certamente
1694 2349 1816 2372 autorith
1832 2350 1918 2373 anche
1933 2351 1961 2373 in

1077 2392 1203 2417 Modena,
1215 2392 1286 2414 dove
1298 2398 1383 2414 aveva
1396 2398 1432 2414 un
1445 2388 1597 2423 auditoreje
1608 2391 1726 2421 giudici:
1739 2393 1761 2414 si
1774 2392 1851 2422 legge
1864 2392 1960 2415 infatti

1077 2435 1120 2456 nei
1142 2433 1305 2458 Memoriali.
1326 2440 1351 2457 a.
1374 2440 1447 2464 1332,
1467 2433 1499 2458 ΙΙ,
1522 2441 1596 2456 num.
1616 2432 1675 2463 361,
1697 2435 1772 2457 sotto
1793 2433 1819 2457 la
1839 2434 1904 2458 data
1918 2434 1961 2457 dcl

1078 2481 1107 2505 27
1123 2476 1229 2506 giugno
1246 2481 1319 2505 1332,
1334 2481 1388 2497 una
1403 2482 1547 2505 consparsa
1564 2476 1575 2486 ¹‘
1587 2482 1678 2498 coram
1695 2476 1775 2498 vobis
1790 2476 1963 2506 sapientibus

1078 2518 1090 2528 ¹¹
1105 2518 1173 2540 viris
1193 2517 1316 2546 dominis
1335 2515 1498 2540 Rolandino
1519 2517 1550 2540 cle
1570 2517 1663 2541 Bratis
1689 2519 1715 2540 et
1736 2517 1904 2541 Francischo
1931 2518 1962 2541 de

1079 2561 1090 2571 ‘⁴
1103 2560 1263 2588 Petreqanis
1284 2559 1423 2582 iudicibus
1442 2559 1578 2590 delegatis
1593 2566 1607 2582 a
1627 2559 1743 2582 domino
1758 2559 1850 2583 Bocha
1864 2560 1897 2583 de
1910 2559 1962 2582 Bo-

1079 2607 1089 2613 ·⁴
1102 2601 1264 2625 chabadatis
1284 2602 1316 2623 (le
1337 2601 1447 2624 Mutina
1467 2601 1597 2624 auditore
1610 2601 1635 2624 d.
1656 2600 1764 2624 Caruili
1780 2602 1960 2633 primogeniti

1079 2644 1272 2667 “serenissimi
1295 2643 1400 2666 domini
1423 2642 1557 2666 Iohannis
1577 2643 1620 2666 dei
1640 2644 1734 2674 gracia
1749 2642 1833 2675 Regis
1852 2644 1963 2667 Boemie

1079 2690 1089 2697 ⁴·
1102 2688 1128 2708 et
1149 2685 1278 2708 Pollonic
1293 2687 1319 2707 ct
1334 2685 1440 2707 domini
1458 2685 1584 2708 civitatis
1599 2685 1707 2708 Mutine
1720 2701 1743 2714 „.
1764 2685 1847 2709 Forse
1862 2685 1963 2709 furono

1076 2729 1164 2757 questi
1180 2729 1185 2749 i
1198 2727 1302 2757 giudi-*i
1320 2727 1415 2750 nudati
1429 2734 1443 2749 a
1457 2726 1597 2750 Sassuolo.
1618 2725 1724 2755 Questo
1737 2727 1852 2750 castello
1864 2728 1963 2751 rimase

1077 2777 1177 2793 ancora
1200 2771 1227 2792 in
1249 2777 1329 2792 mano
1351 2769 1422 2792 delle
1437 2770 1544 2792 milizic
1559 2769 1602 2792 del
1618 2770 1689 2793 card.
1705 2770 1867 2797 Bertrando,
1882 2771 1962 2792 tanto

1077 2812 1125 2835 vhe
1140 2813 1202 2835 sino
1217 2812 1240 2834 al
1263 2812 1406 2842 principio
1420 2811 1463 2834 del
1483 2811 1547 2842 1338
1563 2812 1588 2834 vi
1604 2813 1744 2835 troviamo
1767 2811 1778 2823 ‘¹
1791 2812 1817 2835 (1.
1832 2810 1958 2835 Ghidino

1078 2858 1088 2866 ‘¹
1102 2855 1133 2876 (lc
1154 2852 1301 2877 Goshertis
1319 2854 1412 2877 Iudice
1432 2855 1459 2876 et
1478 2852 1595 2876 Rei-tore
1615 2856 1704 2877 terrae
1722 2852 1817 2876 Saxoli
1839 2854 1866 2875 et
1880 2854 1963 2883 perti-

1080 2896 1091 2908 “
1105 2898 1262 2919 nentiarum
1277 2903 1327 2926 pro
1341 2894 1443 2918 Sancta
1457 2894 1582 2918 Romana
1597 2895 1720 2919 Ecclesia
1733 2913 1754 2925 ,‚.
1767 2903 1780 2918 e
1795 2895 1855 2919 solo
1867 2896 1964 2919 l’anno

1078 2939 1105 2960 (Ιί
1128 2939 1172 2969 poi
1198 2939 1222 2960 vi
1251 2944 1351 2968 appare
1371 2938 1502 2968 capitano
1529 2944 1576 2968 per
1603 2937 1641 2967 gli
1669 2937 1777 2960 Estensi
1805 2937 1963 2960 Pei-robono

1078 2979 1229 3010 signorelli
1252 2978 1373 3010 (Trina,
1396 2979 1466 3005 Dim,
1487 2978 1519 3003 ΙΙ.
1539 2977 1611 3009 312).

1989 1767 2022 1792 50

1989 1975 2020 2001 55

1989 2182 2024 2205 60

1993 2818 2024 2844 75

2032 536 2050 544 ι,
2073 529 2124 547 ,Ju
