2370 3603
41 854 77 883 10

42 1709 72 1726 10

43 2548 78 2572 30

45 2761 76 2785 35

45 2969 79 2994 40

107 270 190 304 [ΑΛ.
213 270 408 306 12964299]

716 265 970 301 IOHANNIS
1000 266 1070 300 DE
1099 265 1318 302 BAZANO

188 381 353 414 Dominus
378 383 495 415 Simon
520 383 563 415 de
589 383 791 425 Vigoarceri
814 383 968 415 Potestas
994 382 1149 415 Mutinae
1172 384 1207 414 in
1231 383 1463 425 M.cclxxxxv]'
1490 383 1525 414 in
1549 382 1673 413 ultimis
1689 391 1749 414 sex
1764 380 1937 413 mensibus

101 434 245 475 inceptis
276 435 309 465 in
343 435 494 467 calendis
526 435 597 466 iulii
611 436 630 466 ¹.

678 435 778 467 Dicto
810 442 963 477 tempore
988 436 1155 467 refactum
1180 442 1213 467 et
1235 436 1424 467 relevatum
1448 436 1513 466 fuit
1546 441 1691 466 castrum
1724 433 1851 475 Bacani
1874 443 1938 475 per

100 486 274 518 dominum
298 488 536 520 Marchionem
561 494 595 520 et
618 489 729 519 statim
755 489 818 520 fuit
842 489 978 530 incepta
1000 499 1123 531 guerra
1148 498 1223 519 cum
1249 487 1522 520 Bononiensibus
1533 487 1555 519 ¹.

187 539 352 572 Dominus
374 542 591 573 Recovratus
615 542 657 572 de
683 541 807 573 Rivola
832 542 874 572 de
901 542 1069 583 Bergamo
1092 541 1248 573 Potestas
1271 540 1423 572 Mutinae
1448 541 1485 572 in
1508 539 1750 581 M.cclxxxxvij
1770 539 1805 570 in
1822 538 1940 580 primis

101 601 160 623 sex
184 592 357 624 mensibus
380 594 527 635 inceptis
550 595 585 625 in
609 594 762 626 calendis
784 594 926 626 ianuarii
940 593 961 625 ³.

188 645 354 677 Dominus
384 647 492 678 Diuus
524 647 565 678 de
597 647 703 679 Porta
735 648 777 679 de
808 647 929 678 Lucha
960 647 1116 678 Potestas
1148 647 1301 678 Mutinae
1334 647 1368 678 in
1401 646 1645 688 M.cclxxxxvij
1670 646 1704 677 in
1728 644 1855 676 ultimis
1878 655 1938 676 sex

101 697 274 729 mensibus
298 699 441 740 inceptis
464 699 499 730 in
523 700 678 732 calendis
701 699 772 731 iulii
785 699 806 731 ⁴.

188 750 355 783 Dominus
380 752 565 784 Rosolinus
590 753 632 784 de
657 753 850 795 Tosenghis
883 754 926 784 de
958 752 1132 784 Florentia
1164 752 1319 784 Potestas
1352 752 1505 784 Mutinae
1535 751 1570 782 in
1594 750 1850 792 M.cclxxxxviij
1878 760 1940 791 per

101 813 205 834 unum
230 813 354 835 annum
377 804 551 846 inceptum
576 805 608 836 in
636 805 789 837 calendis
814 805 952 836 ianuarii
967 806 988 836 5.

101 905 246 946 inceptis
270 906 303 936 in
329 906 485 939 calendis
508 908 653 939 ianuarii
668 908 689 939 ⁰.

186 958 354 990 Dominus
378 959 567 992 Guilelmus
584 961 627 992 de
644 961 799 1002 Ca[m]po
818 961 935 993 Sancti
951 960 1045 992 Petri
1063 961 1105 992 de
1122 960 1240 992 Padua
1257 959 1410 992 Potestas
1436 960 1590 992 Mutinae
1615 960 1651 990 in
1669 957 1938 1000 M.cclxxxxviiij

100 1011 136 1042 in
160 1010 285 1042 ultimis
308 1022 367 1043 sex
390 1013 562 1045 mensibus
585 1013 732 1055 inceptis
756 1014 789 1045 in
814 1013 969 1046 calendis
992 1013 1062 1044 iulii
1075 1012 1097 1045 ⁷.

1144 1013 1247 1045 Dicto
1272 1020 1425 1054 tempore
1447 1019 1615 1044 venerunt
1631 1012 1797 1044 Mutinam
1822 1012 1865 1043 de
1889 1010 1940 1041 ul-

103 1069 156 1095 tra
173 1075 265 1095 mare
291 1070 325 1096 et
349 1065 392 1096 de
417 1065 505 1097 ultra
522 1073 654 1098 montes
676 1067 841 1098 maximae
865 1066 1100 1098 multitudines
1123 1067 1347 1107 parpaionum
1370 1065 1566 1103 rubeorum,
1586 1066 1633 1096 ita
1660 1065 1751 1107 quod
1775 1075 1833 1096 aer
1868 1068 1940 1094 erat

40 1116 74 1147 15
99 1122 188 1148 totus
211 1117 333 1158 plenus
357 1118 400 1149 de
425 1118 466 1149 iis
489 1125 523 1150 et
546 1119 693 1150 maxime
718 1129 777 1160 per
802 1119 890 1150 viam
914 1119 1097 1160 publicam,
1117 1124 1150 1150 et
1167 1118 1261 1150 ibant
1276 1129 1394 1150 versus
1411 1118 1567 1150 Romam.
1615 1117 1660 1149 Et
1677 1126 1767 1148 anno
1783 1116 1939 1158 sequenti

101 1169 168 1200 fuit
190 1169 325 1201 Romae
349 1170 561 1213 indulgentia
584 1171 704 1203 iubilei
728 1181 863 1213 magna.

194 1296 214 1312 1.
237 1290 311 1321 vigo
325 1290 433 1314 Arzena
449 1292 489 1319 A„
512 1293 577 1315 dove
598 1292 671 1323 Vigo
692 1293 705 1315 ὲ
725 1300 793 1323 agg.
806 1291 860 1323 fra
873 1293 898 1315 le
912 1292 989 1322 rzgrlte
1008 1292 1084 1315 dalla
1100 1293 1189 1322 napis>
1209 1296 1327 1322 espertzz3
1352 1293 1557 1325 Vigodearzere
1576 1291 1662 1318 MUR.⁷
1683 1291 1743 1318 Cr.;
1764 1289 1941 1320 Vigoarzino

103 1334 143 1357 stl-
158 1346 189 1349 —
206 1340 262 1366 2-3.
282 1335 369 1358 Dicto
389 1337 573 1367 tempore....
593 1336 829 1360 Bononiensibus.
842 1344 890 1359 om.
904 1335 981 1359 MUR.
997 1349 1028 1351 —
1043 1343 1066 1366 4.
1082 1335 1256 1360 Recrovatus
1273 1337 1321 1365 M.,
1349 1338 1377 1360 Τ.
1399 1350 1407 1354 -
1428 1336 1545 1367 Rivola]
1565 1336 1615 1360 cos)
1636 1335 1723 1362 Μυκη
1746 1334 1800 1361 Cr„
1819 1333 1869 1362 M.‚
1896 1332 1940 1362 T.3

103 1377 198 1401 Nuola
221 1379 254 1402 A.
277 1391 307 1395 —
328 1378 352 1403 6.
371 1379 464 1411 Dinps
485 1380 511 1403 in
531 1381 554 1403 ,4
575 1381 588 1403 ὲ
607 1388 676 1405 corr.
696 1381 771 1404 dalla
791 1389 823 1404 m.
838 1381 888 1410 pz'ic
907 1383 1013 1409 esperta
1033 1388 1062 1403 sne
1085 1379 1183 1404 Samus
1208 1383 1306 1405 cancel.
1333 1394 1364 1399 --
1385 1381 1409 1405 8.
1435 1381 1572 1412 Tosingis
1597 1379 1690 1408 Μυκη,
1715 1376 1880 1408 Thoxengis
1899 1376 1939 1399 lll-

103 1435 135 1438 —
152 1429 191 1454 13.
206 1422 285 1454 iulii]
299 1424 350 1447 cos)
370 1424 457 1451 Mum,
479 1425 541 1454 Cr.;
562 1425 688 1448 ianuarii
707 1425 741 1448 A.
763 1438 770 1441 -
790 1422 944 1454 Mutinam]
964 1423 1138 1448 Mutinenses
1158 1426 1241 1449 hanno
1261 1426 1325 1449 tutti
1342 1425 1354 1449 i
1371 1426 1442 1456 testi,
1462 1434 1503 1449 ma
1517 1432 1564 1448 non
1583 1424 1648 1448 esito
1668 1432 1684 1446 a
1705 1429 1878 1454 correggere,
1897 1418 1941 1445 εΙιὲ

59 1471 71 1497 5
104 1465 129 1490 10
142 1467 243 1497 impone
262 1468 286 1491 il
301 1476 374 1492 senso
389 1482 419 1487 -—
437 1475 525 1500 14-15.
538 1471 566 1493 et
577 1469 610 1493 de
624 1469 698 1493 ultra
713 1470 822 1492 montes
832 1487 836 1492 .
846 1485 865 1492 ..
875 1487 880 1491 .
895 1467 1023 1491 Romam.
1037 1476 1084 1491 om.
1099 1468 1176 1492 MUR.
1191 1478 1266 1493 senua
1281 1470 1373 1494 dubbio
1383 1473 1435 1500 per
1443 1473 1524 1500 poter
1534 1469 1705 1501 gz'ustificare
1720 1475 1733 1490 e
1745 1470 1896 1491 naantenere
1919 1465 1942 1487 il

95 1512 203 1541 preced.
224 1511 399 1536 Mutinenses
420 1527 451 1530 -—
474 1520 513 1545 14.
534 1514 573 1537 ita
594 1512 680 1544 quod]
701 1514 751 1538 cosi
773 1514 822 1541 Μ,
849 1513 891 1536 T.:
912 1513 1006 1543 itaque
1026 1513 1067 1542 A,
1090 1514 1135 1537 Cr.
1155 1522 1168 1536 e
1189 1513 1242 1537 cosi
1260 1517 1346 1544 spesso
1365 1515 1479 1538 ultrave.

99 1580 203 1606 battere
216 1582 237 1606 il
258 1590 382 1615 governo
402 1585 508 1609 estense
521 1583 596 1616 (Chr.
620 1585 689 1614 Est„
708 1590 801 1608 nuova
814 1583 890 1613 ediz.‚
910 1591 936 1614 p.
949 1582 990 1609 62.

99 1624 119 1649 1.
139 1624 192 1656 ²⁵)-

185 1664 193 1681 ¹
214 1667 379 1692 Podesteria
400 1675 455 1691 non
476 1669 688 1693 documentata=
708 1668 727 1692 il
746 1668 933 1700 Vigodarzere
946 1674 992 1691 era

99 1709 250 1741 padovano
270 1716 284 1733 e
298 1709 413 1733 durante
427 1709 446 1733 il
465 1717 514 1733 suo
534 1712 706 1743 reggimento
721 1708 858 1733 continuo
872 1708 907 1732 ad
920 1716 992 1733 eser-

100 1750 188 1775 citare
206 1750 231 1775 le
251 1750 380 1775 funzioni
401 1751 429 1775 di
450 1753 578 1776 visconte
590 1753 608 1776 il
622 1752 733 1784 qudlce
753 1751 930 1776 Mercadante
945 1749 992 1781 (cf.

98 1793 123 1817 la
141 1794 211 1817 nota
229 1792 245 1816 6
264 1793 294 1816 di
313 1800 339 1823 p.
360 1793 414 1824 52).

186 1832 198 1849 ²
218 1825 239 1858 E
258 1835 396 1867 singolare
415 1835 463 1859 che
484 1842 602 1859 nessuna
615 1835 682 1860 delle
695 1837 737 1859 tre
749 1835 885 1859 cronache
901 1834 992 1858 mode-

100 1877 160 1900 nesi
174 1876 249 1900 rechi
263 1876 367 1900 notizie
380 1876 642 1909 particolareggiate
656 1884 740 1909 sopra
752 1877 778 1900 la
790 1883 889 1908 guerra
903 1877 992 1899 esten-

99 1926 127 1943 se
145 1925 198 1942 con
224 1918 370 1949 Bolognag
396 1918 431 1943 da
456 1918 577 1942 Modena
602 1919 794 1951 provenivano
821 1918 992 1942 cel-tumente

99 1960 190 1992 quelle
201 1961 319 1984 raccolte
329 1959 371 1984 dal
381 1961 509 1984 Romana
521 1959 559 1992 (p.
574 1960 632 1988 120)
643 1969 648 1983 z
661 1960 674 1973 “
685 1960 910 1984 Mcelxxxxvi....
925 1959 992 1983 Item

102 2002 222 2026 “eodem
242 2009 317 2026 anno
336 2002 381 2025 die
401 2003 546 2026 dominico
572 2003 662 2034 primo
688 2002 785 2032 aprilis
806 2001 940 2025 Gualasus
959 2001 992 2025 de

103 2043 307 2068 “Montefeltre
332 2045 360 2068 et
386 2044 570 2076 Maginardus
597 2045 629 2068 de
653 2044 796 2068 Soxinana
816 2051 877 2068 cum
896 2043 993 2067 amicis

102 2087 182 2112 “suis
197 2087 229 2111 de
242 2087 390 2116 Romania,
405 2088 452 2118 qui
466 2086 593 2111 fecerunt
614 2087 698 2118 ligam
713 2087 741 2110 et
753 2086 918 2110 societatem
932 2092 993 2109 cum

105 2128 245 2153 “domino
265 2130 362 2162 Acone
382 2128 543 2152 marchione
562 2128 678 2156 Estensi,
702 2128 877 2152 intraverunt
896 2128 994 2151 civita-

105 2171 183 2195 “tem
202 2171 303 2195 Ymole
323 2172 350 2195 et
369 2178 429 2195 eam
449 2171 625 2194 abstulerunt
645 2169 676 2194 de
692 2170 822 2193 manibus
839 2170 995 2193 communis

106 2211 268 2242 “Bononie,
287 2213 316 2237 et
336 2213 416 2236 multi
435 2212 510 2243 capti
531 2211 642 2235 fuerunt
663 2211 775 2241 ibidem,
794 2212 820 2235 et
841 2211 930 2234 dictus
944 2210 993 2234 do-

106 2254 119 2267 ¹‘
130 2255 220 2278 minus
240 2254 363 2279 marchio
382 2261 442 2278 cum
458 2253 665 2277 Mutinensibus
678 2253 776 2277 eodem
791 2252 835 2276 die
847 2253 923 2283 cepit
937 2259 994 2275 ree-

107 2296 240 2320 “dificare
259 2297 381 2320 castrum
408 2295 519 2329 Bagam,
539 2295 612 2327 quod
630 2295 710 2319 stetit
735 2295 905 2318 destructum
925 2295 994 2318 bene

104 2338 118 2351 “
128 2345 176 2370 per
189 2338 251 2362 xlvi
264 2345 354 2362 annos
368 2339 396 2362 et
409 2338 490 2366 ultra,
504 2338 534 2360 et
548 2338 645 2368 postea
659 2337 703 2361 die
718 2337 817 2360 martis
839 2344 856 2360 v
870 2337 995 2360 intrante

104 2378 116 2391 ‘⁴
129 2379 209 2403 Iunio
228 2379 344 2412 predicti
363 2378 470 2402 domini
492 2378 666 2402 marchiones
686 2386 747 2402 cum
765 2378 930 2402 civitatibus
942 2378 996 2402 Re-

104 2421 117 2435 a
127 2423 177 2455 gij,
198 2422 306 2446 Mutine
326 2423 352 2446 et
371 2422 497 2446 Ferrarie
516 2428 549 2444 ex
563 2427 616 2444 una
631 2422 708 2452 parte
721 2421 749 2444 et
762 2420 881 2451 predicti
897 2419 930 2443 G.
945 2419 995 2449 (et)

105 2463 308 2496 “Maginardus
327 2471 387 2487 cum
401 2463 564 2488 civitatibus
584 2462 690 2490 Ymole,
712 2463 858 2491 Favencie,
879 2461 995 2489 Forlivi.

105 2505 234 2539 “Cesene
255 2506 284 2529 et
303 2507 380 2536 parte
395 2505 655 2531 Lambertaciorum
675 2505 708 2528 de
728 2504 857 2528 Bononia
869 2503 997 2528 fecerunt

106 2545 316 2570 “iuramentum
330 2548 359 2570 et
373 2547 535 2571 societatem
557 2547 652 2571 simul.
662 2565 667 2570 .
679 2564 684 2570 .
696 2563 701 2569 .
722 2545 792 2569 Item
806 2545 902 2570 eodem
922 2552 996 2568 anno

105 2587 118 2600 ⁴‘
131 2588 163 2612 de
182 2595 275 2612 mense
294 2589 407 2621 augusti
426 2589 469 2612 vel
489 2588 653 2620 septembris
672 2587 860 2611 Bononienses
885 2593 996 2617 accepe-

106 2630 195 2654 “runt
213 2632 334 2655 castrum
353 2630 507 2662 Savrgnani
527 2630 559 2654 de
578 2630 667 2654 forcia
684 2629 856 2652 marchionis
876 2628 999 2651 Estensis

109 2670 160 2696 “et
184 2674 343 2697 communis
369 2673 488 2697 Mutine.
524 2672 595 2696 Item
622 2671 720 2695 eodem
746 2678 822 2694 anno
849 2670 881 2694 de
908 2677 999 2694 mense

107 2713 256 2738 “octobris
275 2713 376 2738 civitas
402 2714 530 2737 Bononia
556 2713 635 2737 venit
655 2713 689 2736 ad
709 2712 887 2736 ohsidionem
912 2711 997 2735 castri

107 2755 120 2767 “
131 2755 233 2789 Bacani
247 2758 274 2779 et
291 2755 452 2779 habuerunt
466 2756 558 2787 ipsum
579 2755 624 2778 die
640 2754 749 2778 sabbati
769 2753 881 2782 xxiiiill.
903 2752 999 2785 xxxjH

107 2796 254 2822 “*octobris
266 2815 290 2828 η.
316 2797 398 2822 Altra
417 2797 495 2821 fonte
524 2798 659 2828 prezssosa‚
689 2803 738 2827 per
761 2795 850 2827 questi
878 2795 956 2825 fatti,
984 2793 998 2818 ὲ

107 2837 299 2868 crim-metu,
319 2838 387 2864 ediz.
402 2839 533 2868 Torraca,
548 2846 575 2871 p.
589 2838 631 2869 83,
650 2838 676 2862 ll.
700 2838 786 2870 13-84,
805 2837 821 2861 l.
846 2837 888 2865 183
909 2844 936 2868 p.
957 2836 998 2867 85,

105 2879 132 2903 ll.
156 2886 250 2909 ¹¹·242
271 2887 289 2911 p
318 2879 359 2909 86,
378 2881 404 2904 ll.
424 2886 521 2911 21-253
542 2887 569 2912 p.
593 2880 634 2910 86,
654 2879 682 2903 ll.
710 2879 801 2908 31-87,
821 2879 838 2902 1.
859 2883 889 2908 53
910 2886 935 2909 p.
955 2877 999 2908 87,

106 2921 132 2944 ll.
154 2921 242 2952 13-86,
262 2922 278 2945 1.
298 2921 348 2951 263
368 2930 394 2953 p.
415 2922 457 2952 89,
478 2922 502 2945 ll.
525 2929 613 2952 12-00,
634 2922 650 2945 l.
673 2929 721 2950 ηπ
743 2929 768 2951 p.
788 2928 831 2949 φο,
856 2921 881 2943 Η.
910 2927 998 2951 31-91.

107 2963 125 2985 l.
149 2968 188 2993 15.

194 3003 204 3019 ³
225 3005 384 3030 Podesteria
404 3007 598 3031 documentnta
619 3006 710 3036 (Mem.
728 3010 802 3037 1297,
822 3013 847 3028 n.
866 3012 892 3028 1:
907 3004 999 3027 “tem-

1047 1584 1060 1597 “
1071 1591 1139 1614 pore
1158 1584 1302 1616 regiminis
1322 1584 1424 1608 nobilis
1445 1584 1499 1608 viri
1519 1584 1568 1608 dfii
1586 1581 1737 1608 Recovrati
1751 1581 1784 1606 de
1796 1580 1896 1605 Riuola
1909 1578 1941 1603 de

1047 1626 1059 1639 “
1071 1626 1149 1650 civit.
1171 1627 1295 1657 Pergami
1315 1627 1453 1651 honorab.
1473 1627 1530 1658 pot.
1551 1625 1667 1656 Mut.„).

1134 1667 1142 1682 ⁴
1163 1668 1324 1692 Podesteria
1349 1668 1545 1692 documentata
1571 1667 1661 1698 (Mem.
1688 1670 1762 1696 1297,
1788 1672 1836 1689 nn.
1864 1669 1939 1696 1133,

1050 1709 1125 1742 1396,
1146 1709 1230 1741 36492
1245 1710 1318 1742 negli
1339 1710 1429 1734 ultimi
1444 1709 1496 1734 due
1515 1708 1621 1733 numeri
1640 1708 1683 1732 col
1696 1704 1812 1740 podest&
1825 1704 1839 1730 'e
1851 1705 1940 1730 ricor-

1047 1752 1112 1776 dato
1133 1753 1218 1776 anche
1239 1752 1259 1775 il
1281 1752 1393 1784 giudice
1419 1759 1434 1775 e
1454 1753 1582 1776 visconte
1612 1750 1808 1779 Merendante3
1827 1746 1887 1772 cosi
1914 1748 1940 1771 al

1046 1800 1074 1816 n.
1095 1793 1170 1823 2362,
1194 1793 1225 1817 18
1245 1792 1371 1816 ottobre:
1392 1792 1404 1804 ‘⁴
1417 1792 1528 1816 Nobilis
1549 1791 1626 1816 miles
1645 1791 1671 1815 d.
1692 1791 1783 1815 Dinus
1802 1789 1836 1814 de
1855 1789 1940 1812 Porta

1047 1831 1059 1844 ‘⁴
1073 1835 1132 1864 pot.
1154 1834 1221 1858 Μυῒ.
1240 1835 1268 1858 et
1287 1834 1399 1866 sapiens
1418 1834 1462 1858 vir
1481 1833 1508 1857 d.
1534 1831 1715 1857 Mercadante
1739 1831 1895 1855 vicecomes
1914 1829 1939 1853 d.

1047 1874 1244 1899 “Marchionis
1264 1876 1292 1899 et
1317 1875 1467 1899 Nicholaus
1493 1875 1526 1899 de
1550 1875 1639 1899 Portu
1663 1873 1788 1897 sindicus
1813 1870 1940 1896 comunis

1049 1916 1062 1929 “
1075 1917 1144 1941 Μυῒ.
1159 1936 1171 1948 ,,
1190 1918 1353 1942 concedano
1373 1925 1422 1950 per
1435 1917 1589 1942 ventinove
1603 1917 1671 1940 anni
1691 1923 1707 1939 a
1722 1914 1880 1940 Gerardino
1898 1912 1941 1938 del

1047 1958 1178 1982 Bombice
1193 1959 1212 1983 il
1226 1959 1381 1989 territorio,
1400 1960 1424 1984 le
1445 1959 1520 1989 valli,
1539 1959 1560 1983 il
1584 1959 1678 1988 bosco,
1703 1958 1727 1982 le
1754 1957 1861 1989 pescaie
1888 1955 1941 1979 “et

1049 2000 1063 2013 ‘⁵‘
1073 2002 1260 2032 sterpellatum
1287 2003 1435 2026 existentes
1455 2002 1489 2026 ab
1515 2003 1629 2032 utraque
1649 2001 1727 2034 parte
1746 1998 1881 2028 Foscalie,
1907 1998 1940 2022 ab

1048 2042 1061 2054 ‘¹
1073 2044 1188 2074 utraque
1208 2045 1287 2074 parte
1308 2044 1449 2076 Navigii„
1469 2051 1518 2076 per
1537 2051 1627 2067 annue
1647 2043 1697 2067 lire
1717 2041 1770 2072 50).

1135 2083 1147 2100 5
1167 2085 1274 2113 Questa
1295 2085 1451 2117 podesteria
1470 2084 1484 2109 ὲ
1504 2086 1640 2109 attestata
1660 2084 1693 2108 da
1713 2083 1874 2108 documenti
1893 2081 1939 2106 dal

1047 2127 1195 2152 settembre
1205 2128 1229 2151 a]
1239 2127 1377 2152 dicembre
1386 2127 1537 2159 (quaderno
1546 2127 1589 2150 dei
1600 2128 1680 2150 lllem.
1691 2133 1714 2150 a.
1728 2133 1738 2149 1
1746 2125 1794 2156 298
1806 2125 1852 2149 nei
1860 2125 1940 2148 Mem.
1990 2139 1999 2149 a

1052 2176 1125 2200 1290,
1146 2177 1171 2193 n.
1194 2174 1257 2200 531:
1273 2169 1286 2182 “
1298 2170 1323 2193 d.
1336 2169 1468 2193 Rosolini
1482 2170 1514 2193 de
1529 2170 1603 2194 Tusa
1622 2170 1681 2200 pot.
1697 2187 1709 2199 η
1731 2167 1783 2191 atti
1799 2166 1842 2190 dal
1857 2173 1871 2197 3
1886 2166 1939 2190 set—

1048 2211 1153 2234 tembre
1165 2211 1189 2234 al
1205 2217 1232 2241 15
1244 2211 1392 2235 novembre
1406 2210 1486 2243 1298?
1499 2211 1579 2235 Mem.
1594 2210 1668 2241 1298,
1679 2218 1707 2234 n.
1718 2209 1782 2238 289:
1795 2209 1841 2232 “d.
1852 2208 1939 2232 Roso-

1049 2253 1124 2276 “lini
1139 2252 1172 2276 de
1192 2253 1305 2277 Thonsa
1321 2254 1379 2285 pot.
1394 2253 1462 2277 Mut.
1473 2270 1495 2283 η,
1509 2252 1552 2276 dal
1569 2259 1600 2276 10
1613 2252 1637 2276 al
1655 2252 1685 2276 18
1699 2250 1836 2275 dicembre
1853 2249 1941 2281 1298).

1049 2294 1385 2326 Contemporaneamente
1404 2294 1430 2318 al
1446 2292 1560 2325 podest&
1579 2293 1726 2318 Rosselino
1740 2292 1807 2316 della
1822 2292 1897 2315 Tosa
1910 2290 1940 2315 fu

1049 2336 1077 2359 in
1090 2336 1211 2360 Modena
1221 2336 1304 2366 quale
1316 2335 1330 2348 “
1338 2336 1491 2360 vicecomes
1500 2353 1512 2366 n
1525 2335 1612 2359 Fredo
1624 2335 1658 2358 da
1669 2333 1852 2365 Poggibonsi,
1862 2338 1941 2356 come

1049 2377 1084 2401 da
1097 2385 1134 2401 un
1149 2377 1314 2401 documento
1329 2377 1371 2401 del
1386 2383 1400 2408 7
1414 2378 1536 2409 gennaio
1550 2384 1600 2408 per
1611 2377 1655 2400 cui
1671 2375 1685 2388 α
1696 2374 1804 2399 Nobilis
1817 2374 1900 2398 milex
1914 2372 1940 2396 d.

1052 2421 1063 2431 ‘⁴
1076 2419 1179 2443 Fredus
1198 2419 1231 2443 de
1243 2419 1439 2453 Podiobonico
1458 2420 1613 2443 vicecomes
1626 2418 1655 2442 in
1670 2417 1748 2441 civit.
1764 2416 1832 2440 Mut.
1847 2422 1898 2446 pro
1912 2415 1938 2438 d.

1052 2458 1064 2470 ¹‘
1077 2460 1187 2493 Accone
1200 2460 1325 2484 Hestensi
1339 2460 1500 2483 marchione
1511 2461 1538 2483 et
1552 2459 1649 2483 Petrus
1664 2458 1805 2491 Concetus
1815 2456 1941 2480 sindicus

1052 2502 1201 2525 “comums
1216 2502 1284 2525 Mut.
1298 2518 1310 2531 ‚,
1324 2501 1490 2526 vendettero
1503 2501 1531 2524 ai
1545 2499 1653 2524 sindaci
1673 2496 1899 2523 dell'univers5ta
1911 2496 1941 2520 di

1051 2543 1182 2568 Sassuolo
1204 2545 1211 2566 i
1232 2543 1336 2567 terreni
1356 2541 1403 2574 gia
1421 2542 1488 2567 stati
1508 2543 1536 2566 di
1562 2543 1720 2566 Battezzato
1746 2539 1883 2572 Bergonzi
1910 2538 1938 2561 di

1052 2585 1254 2618 Casalcicogno
1275 2585 1365 2615 (Mem.
1388 2584 1462 2615 1298,
1481 2592 1509 2608 n.
1530 2583 1601 2616 387).

1140 2625 1150 2641 5
1168 2626 1208 2650 La
1228 2626 1386 2658 podesteria
1405 2626 1446 2649 del
1469 2625 1615 2658 padovano
1642 2623 1758 2649 Niccolo
1784 2624 1819 2648 da
1844 2624 1943 2649 Lozzo,

1053 2676 1156 2700 genero
1175 2669 1205 2692 di
1224 2667 1349 2692 Rinnldo
1364 2668 1376 2692 I
1391 2668 1484 2692 d‘Este
1498 2668 1535 2698 (v.
1548 2675 1574 2699 p.
1590 2674 1632 2699 54,
1647 2668 1715 2690 nota
1728 2666 1754 2697 4)
1768 2665 1782 2690 ὲ
1796 2665 1944 2689 documen-

1053 2713 1113 2735 tata
1139 2710 1228 2741 (Mem.
1252 2717 1328 2742 1299,
1348 2710 1400 2734 vol.
1426 2710 1448 2738 Ι,
1470 2717 1516 2733 nn.
1546 2716 1567 2739 1,
1587 2714 1648 2741 955,
1671 2713 1746 2740 1535,
1767 2707 1820 2731 vol.
1839 2706 1875 2735 11,
1895 2713 1943 2730 nn.

1054 2758 1131 2783 2397,
1152 2757 1229 2784 2720,
1249 2758 1326 2783 3¹32-
1341 2752 1420 2783 3528:
1438 2750 1450 2762 “
1463 2751 1489 2775 d.
1502 2750 1641 2783 Nicholay
1655 2750 1688 2774 de
1702 2750 1778 2784 Loco
1788 2756 1814 2779 „3
1827 2748 1943 2775 altrove,
1976 2760 1986 2783 ,-

1053 2795 1107 2818 vol.
1121 2794 1141 2824 1,
1162 2802 1188 2818 n.
1203 2800 1262 2825 442,
1276 2802 1290 2818 e
1310 2794 1364 2817 vol.
1378 2793 1413 2822 ΙΙ,
1433 2799 1481 2816 nn.
1496 2796 1576 2823 3529,
1589 2791 1667 2822 3587⁷
1682 2790 1760 2823 3746,
1774 2796 1852 2821 4013,
1864 2794 1943 2819 4251,

1053 2841 1137 2867 4557:
1153 2835 1164 2847 ‘⁴
1177 2836 1209 2860 de
1223 2836 1311 2869 Aloeo
1322 2853 1335 2865 „
1356 2842 1372 2858 o
1387 2835 1400 2848 ⁴‘
1412 2834 1445 2858 de
1466 2834 1578 2867 Allocio
1592 2850 1604 2863 n
1619 2840 1636 2857 0
1650 2834 1662 2846 ¹⁴
1674 2833 1708 2857 de
1722 2831 1822 2856 Alocio
1835 2831 1871 2863 ῃ).
1890 2830 1944 2854 Per

1052 2879 1127 2902 tutto
1140 2878 1159 2901 il
1172 2884 1238 2909 1299
1249 2876 1280 2901 fu
1294 2878 1307 2890 ¹‘
1319 2878 1472 2900 vicecomes
1485 2893 1497 2905 ,,
1508 2877 1660 2900 Francesco
1674 2875 1710 2898 da
1721 2875 1824 2898 Arezzo
1837 2871 1942 2901 (Anca.

1054 2920 1130 2944 Com.
1150 2926 1180 2943 ω
1201 2920 1286 2945 Mum,
1308 2919 1368 2942 Atti
1386 2919 1431 2941 del
1448 2925 1525 2948 1299,
1545 2926 1566 2941 c.
1581 2917 1608 2947 6)
1623 2917 1673 2941 che
1693 2914 1830 2940 continuo
1847 2916 1874 2938 In
1888 2914 1943 2937 tale

1054 2962 1142 2985 ufficio
1163 2961 1248 2985 anche
1268 2960 1410 2984 nell'anno
1429 2960 1562 2990 segnente
1582 2958 1628 2989 (cs.
1648 2960 1715 2982 nota
1738 2964 1763 2985 2,
1784 2965 1810 2989 p.
1833 2956 1884 2987 54}

1141 3002 1150 3017 7
1170 3003 1331 3027 Podesteria
1342 3003 1474 3026 attestata
1486 3002 1558 3033 dagli
1570 3001 1622 3025 atti
1634 3000 1754 3033 pubbliei
1767 2998 1856 3029 (Mem.
1871 3004 1946 3030 1299,

1969 1709 2001 1732 45

1970 2330 2004 2353 60

1971 2547 2003 2571 Of,

1976 2970 2005 2994 75
