2370 3603
136 257 219 292 [ΑΑ.
241 259 431 291 1350-1351]

754 251 1009 286 IOHANNIS
1038 250 1107 284 DE
1135 250 1355 285 BAZANO

135 375 180 407 de
205 374 371 412 Bononia,
389 381 423 407 et
446 375 584 406 fuerunt
607 375 641 405 in
666 374 819 415 pluribus
844 374 977 406 vicibus
1001 374 1181 415 plusquam
1207 373 1275 404 duo
1291 372 1386 404 milia
1410 372 1568 403 militum:
1595 371 1657 403 ivit
1674 371 1782 403 eciam
1800 371 1833 401 in
1851 370 1976 401 auxilio

134 427 304 459 dictorum
329 429 545 459 dominorum
571 428 614 459 de
639 427 798 458 Bononia
821 427 959 468 quidam
986 426 1142 458 dominus
1168 427 1210 457 de
1228 426 1392 468 Goncaga
1409 425 1453 456 de
1469 425 1612 456 Mantua
1629 435 1704 456 cum
1722 423 1886 455 militibus
1909 423 1978 454 suis

143 479 274 512 multis'.

322 481 423 512 Dicto
448 491 536 511 anno
554 481 608 511 die
632 480 732 511 lunae
756 491 824 510 xxv
847 479 1000 511 octobris
1017 479 1050 510 in
1068 480 1153 510 hora
1168 479 1277 510 tercia
1294 478 1482 510 dominium
1500 477 1648 509 civitatis
1664 477 1840 509 Bononiae
1858 477 1974 508 datum

137 539 170 564 et
194 533 356 564 traditum
381 533 444 564 suit
469 533 607 564 domino
632 531 906 573 Archiepiscopo
930 532 1123 563 Mediolani
1149 537 1182 563 et
1206 531 1344 563 domino
1370 531 1484 562 dictae
1510 537 1619 562 terrae
1638 537 1670 561 et
1687 529 1781 571 genti
1798 539 1889 566 suae,
1906 529 1977 559 sive

93 585 110 615 5
136 585 275 617 domino
301 586 452 628 Galeaco
477 585 591 625 nepoti
614 595 674 616 suo
700 585 878 625 recipienti
903 585 1039 616 nomine
1064 585 1145 616 dicti
1170 583 1442 625 Archiepiscopi‚
1468 593 1529 624 per
1553 583 1662 614 dictos
1680 583 1836 614 dominos
1854 582 1978 613 Iohan-

136 648 214 669 nem
239 645 273 670 et
297 637 459 670 Iacobum
483 638 608 669 fratres
632 638 674 669 de
699 637 838 678 Pepolis
862 644 943 669 tunc
961 638 1116 668 dominos
1135 637 1283 669 civitatis
1300 636 1487 674 Bononiae,
1505 641 1539 667 et
1556 636 1622 667 hoc
1641 635 1720 677 quia
1736 646 1804 666 non
1821 640 1979 676 poterant

134 690 291 722 resistere
315 691 410 734 genti
435 690 604 722 exercitus
629 690 760 722 domini
785 690 925 721 Mastini
950 696 983 722 et
1008 690 1200 727 Ecclesiae,
1227 690 1305 732 quia
1330 700 1387 721 eos
1413 696 1445 720 et
1468 689 1594 721 dictam
1620 689 1793 720 civitatem
1819 688 1978 719 continue

133 743 349 781 Insultabant‚
368 750 401 775 et
414 743 552 784 tam[en]
566 743 630 774 fuit
647 749 767 775 contra
782 743 991 775 voluntatem
1009 743 1127 785 populi
1141 744 1161 774 ¹.
1186 743 1288 774 Dicto
1305 748 1461 783 tempore
1477 742 1541 773 fuit
1557 742 1704 773 maxima
1722 742 1822 782 copia
1838 752 1978 772 uvarum

134 802 168 828 et
191 796 270 834 vini,
296 796 374 838 quia
398 797 592 837 quartarius
616 796 685 827 vini
709 797 787 838 puri
813 796 959 828 dabatur
982 807 1045 837 pro
1070 808 1100 827 v.
1126 796 1181 827 vel
1199 796 1243 838 vj.
1261 796 1402 836 [solidis]
1418 795 1593 831 Mutinae3
1619 795 1732 826 vinum
1751 795 1793 826 de
1809 794 1980 826 montibus

72 849 108 879 10
134 849 277 880 dabatur
300 859 362 890 pro
387 860 417 879 x.
450 848 505 879 vel
537 848 582 890 xj.
607 848 749 889 [solidis]
774 849 938 880 Mutinae.

986 848 1107 880 'Dicto
1133 855 1287 889 tempore
1313 854 1346 879 et
1377 858 1478 885 anno,
1503 847 1677 879 indicione
1701 847 1748 890 iiij
1784 847 1839 879 die
1873 847 1980 879 sabati

134 912 201 933 xxv
225 901 428 938 decembris,
453 902 489 932 in
508 902 563 933 die
583 902 767 933 nativitatis
784 902 921 933 Domini
937 902 1042 934 nostri
1059 902 1136 932 Iesu
1154 900 1291 938 Christi,
1311 901 1457 932 Iacobus
1482 901 1525 932 de
1552 899 1692 932 Cararia
1715 899 1873 932 dominus
1897 900 1978 931 civi-

134 954 213 986 tatis
235 953 377 985 Paduae
401 955 466 986 fuit
490 954 691 986 interfectus
715 965 735 986 a
759 955 906 996 quodam
932 955 974 986 de
999 954 1164 996 progenie
1193 965 1252 985 sua
1284 954 1318 984 in
1342 963 1479 985 camera
1511 953 1615 995 ipsius
1640 953 1756 985 Iacobi
1788 954 1845 994 [et]
1869 953 1980 985 statim

134 1007 193 1039 ille
206 1007 382 1039 homicida
395 1018 414 1038 a
426 1007 622 1039 custodibus
635 1008 699 1039 fuit
712 1008 931 1044 interfectus3
947 1008 1001 1039 cui
1013 1006 1178 1039 successit
1192 1007 1373 1038 Iacobinus
1386 1007 1495 1038 frater
1509 1006 1591 1038 dicti
1603 1006 1717 1038 Iacobi
1731 1012 1765 1038 et
1778 1007 1806 1038 F
1808 1007 1983 1038 ranciscus

134 1060 224 1091 filius
247 1060 396 1101 praefati
419 1060 598 1092 interfecti
622 1060 739 1092 Iacobi
753 1060 774 1092 ².

822 1060 924 1092 Dicto
949 1071 1037 1092 anno
1063 1060 1118 1091 die.
1143 1059 1262 1091 martis
1285 1059 1388 1102 xxviij
1423 1059 1617 1090 decembris
1642 1059 1801 1091 dominus
1826 1059 1983 1091 Bernabo

75 1113 111 1143 15
137 1113 181 1144 de
198 1112 383 1145 Vescontis
407 1113 514 1144 frater
538 1113 668 1144 domini
696 1113 845 1155 Galeaci‚
870 1113 929 1155 qui
955 1119 1028 1144 erat
1044 1123 1107 1154 pro
1131 1112 1274 1144 domino
1292 1112 1325 1143 in
1344 1112 1484 1144 civitate
1502 1112 1689 1150 Bononiae,
1708 1112 1862 1143 transivit
1878 1123 1980 1153 super

135 1166 254 1197 foveas
279 1165 427 1197 civitatis
451 1165 606 1197 Mutinae
631 1177 708 1198 cum
732 1166 826 1198 mille
850 1166 1056 1208 octingentis
1079 1165 1240 1197 militibus
1264 1166 1402 1197 armatis
1426 1165 1483 1206 [et]
1509 1175 1585 1196 cum
1609 1165 1700 1196 mille
1732 1164 1981 1207 guastatoribus

137 1218 283 1256 armatis,
315 1219 456 1250 veniens
480 1218 522 1250 de
546 1218 787 1256 Mediolano⁷³3
813 1225 847 1251 et
872 1218 943 1250 ibat
968 1218 1157 1250 Bononiam
1182 1218 1216 1249 in
1241 1218 1366 1249 auxilio
1391 1218 1505 1250 fratris
1529 1218 1580 1250 sui
1604 1218 1661 1260 qui
1687 1224 1759 1250 erat
1783 1218 1940 1250 obsessus
1963 1229 1983 1248 a

136 1277 237 1312 gente
263 1271 441 1303 Ecclesiae
467 1279 501 1303 et
525 1272 653 1303 domini
677 1272 819 1303 Mastini
844 1272 936 1303 della
961 1271 1076 1309 Scala,
1102 1278 1136 1302 et
1159 1277 1236 1313 post
1253 1271 1402 1313 quinque
1420 1271 1496 1303 dies
1513 1271 1568 1302 vel
1586 1271 1679 1302 circa
1697 1271 1808 1302 dictus
1826 1271 1983 1302 dominus

136 1324 307 1366 Galeacus
331 1325 435 1356 rediit
459 1325 503 1356 ad
528 1325 703 1356 civitatem
721 1325 926 1356 Mediolani.

71 1379 111 1407 20

224 1378 390 1408 Dominus
407 1376 565 1409 Bernaba
584 1379 628 1409 de
646 1376 868 1409 Machamffis
884 1378 1084 1419 praedictus
1100 1378 1165 1409 fuit
1183 1377 1402 1410 confirmatus
1418 1377 1574 1409 Potestas
1591 1377 1746 1409 Mutinae
1764 1387 1826 1418 pro
1844 1376 1982 1409 domino

134 1430 339 1462 Marchione
363 1441 426 1472 pro
452 1441 511 1461 sex
535 1431 710 1462 mensibus
735 1437 767 1462 et
792 1431 924 1472 incepit
948 1431 1103 1474 regimen
1127 1441 1224 1462 suum
1242 1431 1297 1462 die
1315 1430 1425 1472 primo
1444 1429 1607 1462 februarii
1623 1430 1656 1461 in
1676 1429 1828 1473 M.ccclj.

1875 1430 1979 1462 Dicto

134 1483 314 1515 millesimo
339 1484 393 1515 die
417 1483 475 1526 xiij
494 1484 659 1515 februarii
678 1484 771 1515 circa
788 1490 944 1516 octavam
962 1485 1080 1516 horam
1099 1484 1167 1515 diei
1183 1494 1292 1525 prope
1310 1484 1642 1525 Constantinopolim
1661 1483 1725 1514 suit
1742 1493 1883 1526 magnus
1901 1493 1983 1514 con-

134 1536 244 1568 flictus
268 1536 356 1568 inter
379 1536 534 1568 Venetos
557 1543 590 1568 et
615 1547 730 1575 eorum
755 1547 922 1579 sequaces
945 1537 1111 1568 habentes
1128 1537 1243 1579 galeas
1262 1537 1352 1580 lxvij.
1370 1543 1516 1568 armatas
1533 1547 1574 1568 ex
1591 1548 1656 1567 una
1673 1542 1770 1578 parte
1788 1543 1822 1568 et
1838 1536 1983 1567 Ianuen-

134 1600 187 1621 ses
211 1589 269 1630 [et]
294 1599 410 1620 eorum
435 1600 599 1631 sequaces
623 1590 811 1631 [habentes]
839 1590 881 1621 lx.
908 1590 1047 1632 [galeas]
1073 1596 1220 1622 armatas
1244 1601 1285 1621 ex
1309 1590 1419 1621 altera
1442 1595 1556 1631 parte3
1583 1590 1615 1620 in
1641 1600 1708 1631 quo
1733 1589 1893 1620 conflictu
1910 1589 1981 1620 Ve-

69 1641 107 1673 25
134 1642 204 1674 neti
221 1652 298 1673 curn
315 1642 389 1673 aliis
405 1642 508 1686 xxiiij.
526 1643 643 1684 galeas
666 1643 859 1679 amiserunt,
885 1643 1069 1674 Ianuenses
1086 1653 1167 1674 vero
1191 1643 1334 1675 totidem
1350 1643 1404 1673 vel
1422 1643 1532 1680 circa:
1550 1654 1592 1674 ex
1608 1648 1752 1684 utraque
1768 1648 1864 1683 parte
1882 1641 1981 1684 periit

134 1695 313 1727 multitudo
340 1695 491 1736 copiosa,
516 1697 653 1727 tandem
679 1696 805 1727 Veneti
830 1707 892 1737 per
915 1702 1053 1728 ventum
1078 1696 1286 1728 contrarium
1319 1696 1469 1727 deterius
1492 1696 1693 1727 habuerunt.

1741 1694 1746 1707 '
1759 1695 1883 1726 Postea
1909 1695 1977 1736 xiiij

135 1748 190 1779 die
215 1748 336 1779 marcii
361 1748 395 1779 in
419 1748 504 1779 hora
528 1749 641 1780 noctis
665 1755 807 1790 propter
831 1749 1004 1780 fortunam
1030 1749 1133 1780 maris
1157 1749 1283 1781 Veneti
1307 1760 1416 1791 prope
1442 1749 1773 1790 Constantinopolim
1797 1760 1828 1779 v.
1852 1748 1979 1791 galeas,

133 1801 251 1842 paucis
274 1800 467 1832 hominibus
493 1801 726 1839 evadentibus,
751 1802 934 1834 amiserunt
948 1801 968 1833 ⁴.

1016 1803 1118 1834 Dicto
1143 1802 1323 1834 millesimo
1349 1802 1392 1834 de
1417 1813 1534 1834 mense
1558 1802 1640 1832 iunii
1659 1801 1816 1833 dominus
1832 1800 1978 1832 Iacobus

133 1855 176 1886 de
199 1853 338 1895 Pepolis
362 1861 482 1896 captus
504 1854 570 1886 suit
595 1860 628 1886 et
641 1855 882 1887 -incarceratus
906 1855 939 1886 in
959 1855 1095 1887 civitate
1112 1855 1289 1887 Bononiae
1302 1854 1324 1892 5,
1341 1865 1382 1886 eo
1401 1855 1494 1897 quod
1510 1855 1704 1896 inculpatus
1721 1854 1785 1885 suit
1802 1854 1845 1885 de
1864 1854 1978 1895 prodi-

181 2018 185 2021 ,
224 1997 247 2018 4.
267 1991 293 2013 et
313 1991 428 2014 domino
448 1990 541 2014 dictae
568 1992 658 2014 terrae
688 1998 737 2013 om.
758 1990 833 2014 Μυκ.
856 2003 886 2007 -
909 1995 931 2020 5.
952 1990 1011 2023 per]
1034 1998 1085 2021 pro
1106 1991 1138 2014 Α.
1164 2004 1196 2007 -—
1224 1995 1248 2020 7.

1274 1990 1321 2021 qui
1349 1989 1426 2013 Mun.
1455 2004 1487 2007 --
1508 1992 1531 2013 ὅ.
1555 1990 1583 2012 et
1609 1991 1666 2012 tani
1690 1989 1770 2012 anche
1794 1989 1852 2012 Cn:
1872 1988 1907 2011 Et
1927 1988 1977 2010 hoc

135 2033 210 2057 Mun».
233 2047 263 2050 —
284 2042 326 2062 *je
344 2041 384 2057 10.
397 2034 499 2058 solidis
518 2043 584 2066 agg.
606 2035 683 2058 Mon.
704 2047 736 2051 —
760 2041 800 2058 10.
814 2034 869 2066 iiij]
895 2034 1005 2058 decima
1024 2034 1064 2063 A,
1093 2035 1177 2062 Mum„
1201 2036 1245 2059 (Tr.
1266 2047 1297 2051 ——
1328 2040 1365 2057 12.
1392 2036 1418 2058 et
1443 2042 1489 2057 om.
1517 2034 1559 2063 A„
1584 2034 1670 2062 Mna„
1699 2034 1744 2057 Cr.
1771 2046 1802 2049 —
1832 2039 1871 2063 13.
1893 2033 1977 2063 Jaco-

134 2077 228 2108 binus}
244 2078 378 2108 Jacobum
399 2078 446 2105 Α.;
464 2079 584 2109 Jacobus
604 2079 690 2108 Mum,
712 2080 757 2103 Cr.
778 2092 809 2095 —
833 2086 870 2109 14.
886 2078 960 2103 filius
981 2077 993 2101 ἓ
1012 2080 1127 2110 rz'petuta
1147 2079 1196 2101 dm·
1215 2080 1287 2102 volte
1300 2080 1327 2102 in
1347 2078 1379 2102 A.
1401 2092 1433 2095 -
1456 2085 1494 2107 15.
1510 2078 1536 2101 in
1552 2086 1599 2101 om.
1615 2078 1691 2101 Mun.
1714 2090 1745 2094 —-
1770 2076 1806 2100 16.
1826 2078 1854 2100 et
1873 2084 1919 2099 om.
1935 2077 1976 2103 A.y

136 2121 224 2150 Mum,
248 2122 290 2145 Cr.
313 2136 344 2139 —
366 2129 406 2146 ιο.
427 2123 586 2147 Mnehalufis
605 2122 638 2146 A.
660 2137 692 2140 —
714 2130 752 2153 24.
768 2123 820 2147 cosi
834 2124 869 2149 et,
883 2131 953 2146 come
965 2122 1098 2146 habentes
1119 2131 1131 2145 e
1151 2123 1242 2153 gal-‘as
1258 2131 1324 2154 agg.
1347 2122 1431 2146 Mun..
1456 2122 1499 2145 Cr.

1522 2136 1548 2138 m
1575 2123 1614 2145 28.
1636 2121 1721 2151 iunii]
1742 2121 1805 2145 iulii
1826 2120 1869 2149 A,
1890 2119 1976 2147 Mur„

89 2169 102 2194 5
137 2165 195 2194 Cr.;
210 2170 262 2196 per
281 2167 310 2190 la
329 2173 398 2191 corr.
416 2174 444 2190 v.
464 2171 525 2191 nola
545 2176 567 2195 5.
591 2181 619 2184 Ἃ
643 2167 682 2190 28.
705 2175 730 2199 p.
753 2173 811 2197 150,
831 2168 847 2190 l.
873 2174 892 2191 1.
915 2167 1080 2198 perdicione
1100 2166 1134 2190 A.

220 2236 226 2251 ¹
250 2237 271 2260 Il
294 2244 324 2267 23
346 2238 457 2262 ottobre
483 2237 578 2261 arrivo
605 2239 638 2262 (la
660 2238 768 2262 Milano
790 2246 804 2261 a
825 2238 953 2270 Bologna
974 2246 1024 2261 con

135 2285 202 2302 1200
221 2279 354 2303 cavalier1
377 2278 511 2303 Galeazzo
532 2280 672 2309 Visconti,
699 2288 755 2303 uno
781 2280 826 2303 dei
854 2281 945 2312 nipoti
970 2281 1025 2304 del—

132 2321 346 2347 l‘arcivescovoz
367 2328 381 2345 e
402 2321 421 2344 il
442 2322 544 2352 giorno
566 2324 704 2353 seguente,
727 2322 752 2345 la
773 2322 919 2346 donienicn
941 2329 980 2353 24,
998 2323 1025 2346 fu

131 2363 255 2386 adunato
277 2363 296 2386 il
318 2363 468 2393 Consiglio
489 2364 532 2387 del
554 2364 659 2396 popolo
679 2364 737 2389 che.
764 2372 793 2387 su
820 2366 954 2396 proposta
980 2364 1023 2387 del

73 2413 102 2430 10
132 2402 247 2435 podest&
267 2405 446 2429 Bartolomco
467 2406 646 2433 Cam-emen,
667 2404 794 2438 appi-ovo
815 2413 866 2429 con
888 2405 939 2436 486
965 2406 1024 2429 voti

132 2446 288 2470 savorevoli
307 2455 320 2470 e
341 2454 373 2479 33
388 2448 512 2471 contrari
527 2448 551 2477 (u
566 2449 612 2471 noi
630 2455 685 2471 non
702 2448 844 2478 vogliamo
858 2455 946 2471 essere
960 2456 1024 2471 ven-

132 2488 252 2521 “duti„v
273 2490 428 2520 gridavano
453 2491 460 2513 i
487 2490 659 2521 dissidenti).
689 2488 816 2522 approvo
844 2490 870 2513 la
900 2491 1024 2514 cessione

131 2530 205 2554 della
225 2531 351 2562 signoria
371 2532 395 2555 ai
418 2531 565 2555 Visconti:
585 2531 667 2555 l‘atto
687 2531 818 2561 relativo,
839 2532 867 2554 in
894 2531 928 2555 A.
955 2532 1024 2556 Son-

131 2579 221 2602 BELLI,
236 2574 275 2596 Le
295 2574 415 2597 crom'clzc
429 2574 566 2605 bolognesi
583 2575 628 2597 del
639 2582 689 2597 sec.
703 2573 749 2597 XI
757 2574 781 2603 1⁷,
796 2574 932 2604 Bologna,
950 2581 1022 2605 1900,

73 2623 99 2647 ¹5
132 2622 177 2646 pp.
197 2615 320 2646 324-328.
359 2615 381 2639 Il
401 2617 504 2647 giorno
525 2621 555 2646 25
579 2616 607 2639 fu
634 2615 729 2646 quello
754 2616 781 2638 in
809 2616 851 2638 cui
877 2615 1023 2644 Galeam),

132 2657 236 2679 andato
258 2657 302 2680 nel
329 2657 440 2688 palazzo
467 2657 510 2680 del
539 2655 665 2689 podesta‚
688 2657 715 2680 su
737 2657 890 2680 acclamato
912 2657 957 2681 dal
976 2665 1022 2689 po-

131 2698 198 2730 polo
219 2706 296 2722 come
316 2700 428 2729 signore
450 2699 480 2722 in
501 2706 583 2722 nome
609 2698 858 2722 dell'arcivescovo
878 2698 1023 2723 Giovanni

131 2748 145 2764 e
166 2739 292 2764 instaur-‹⁸›
312 2741 333 2764 il
355 2748 449 2765 nuovo
475 2749 600 2772 governo
628 2741 802 2764 nominando
828 2739 944 2773 podesta
969 2740 1023 2765 Ga-

132 2784 247 2813 sparino
267 2783 397 2807 visconti
424 2784 471 2814 (cf.
498 2783 531 2806 A.
559 2783 709 2811 SORBELu,
730 2784 771 2806 La
798 2783 920 2814 stgznoria
939 2785 969 2807 di
993 2785 1022 2808 (ι’.

70 2831 103 2848 20
139 2825 259 2850 Visconti,
281 2832 325 2856 pp.
346 2826 446 2857 33—35).

220 2867 227 2877 ·’
247 2866 374 2890 Secondo
400 2867 471 2891 altre
499 2867 582 2892 sonti,
603 2867 629 2890 la
656 2869 743 2890 morte
770 2868 797 2890 di
818 2867 924 2898 Jacopo
944 2868 967 2891 ΙΙ
989 2868 1021 2891 da

131 2908 249 2932 Carrara
269 2915 395 2932 avvenne
417 2909 436 2932 il
464 2915 495 2932 22
523 2909 674 2933 dicembrc:
703 2910 731 2932 fu
756 2910 907 2937 trucidato,
934 2908 1022 2933 com'b

132 2952 209 2975 noto,
230 2950 263 2974 da
284 2949 454 2981 Guglielmo,
470 2951 548 2981 figlio
562 2951 692 2975 bastardo
706 2952 734 2975 di
746 2951 851 2982 Jacopo
872 2951 882 2974 Ι
898 2951 944 2981 (cf.
962 2952 1022 2975 Chr.

129 2991 193 3021 En,
215 2991 285 3023 46⁴3).
324 2992 344 3015 11
367 2993 425 3016 Lib.
446 2994 541 3024 regim.
564 2994 663 3023 Padue,
684 2994 754 3017 ediz.
769 2994 900 3021 Bonami,
922 3001 946 3024 p.
963 2992 1022 3025 369,

1082 2239 1099 2262 l.
1123 2238 1161 2263 18,
1182 2239 1208 2262 la
1228 2246 1300 2270 pone
1322 2239 1339 2261 il
1365 2245 1395 2269 19
1415 2238 1560 2261 dicembre.

1169 2278 1178 2294 ³
1194 2280 1291 2303 Anche
1306 2279 1330 2303 le
1346 2280 1417 2303 sonti
1433 2279 1580 2310 bologne-si
1597 2279 1756 2310 (SORBELLl,
1772 2282 1812 2308 op.
1827 2278 1878 2307 cil„
1892 2285 1917 2308 p.
1930 2276 1974 2307 48)

1081 2322 1185 2345 dicono
1205 2322 1254 2345 che
1274 2321 1400 2346 Bernabt')
1420 2319 1516 2345 arrivb
1537 2323 1579 2345 coi
1602 2321 1722 2344 rinforzi
1737 2321 1791 2344 alla
1812 2320 1864 2343 fine
1884 2321 1911 2343 di
1933 2320 1972 2343 di-

1080 2364 1201 2386 cembre:
1222 2362 1280 2387 cosi
1301 2371 1368 2395 pure
1389 2363 1408 2387 il
1431 2364 1491 2388 chr.
1512 2364 1580 2392 Est„
1603 2362 1660 2394 463,
1682 2363 1730 2386 che
1745 2369 1816 2393 pone
1832 2362 1851 2385 il
1868 2369 1918 2385 suo
1933 2369 1972 2384 ar-

1081 2406 1143 2429 rivo
1164 2405 1190 2429 al
1211 2412 1253 2437 29,
1273 2413 1316 2429 ma
1337 2413 1389 2429 con
1411 2405 1464 2429 soli
1485 2405 1538 2429 600
1557 2405 1669 2429 soldati.

1167 2446 1175 2460 ⁴
1193 2448 1214 2471 Il
1231 2449 1304 2471 fatto
1315 2449 1361 2478 qui
1378 2450 1492 2472 narrato
1503 2447 1653 2479 (battaglia
1669 2447 1768 2471 navale
1782 2446 1825 2470 del
1840 2444 1972 2476 Bosforo)

1082 2490 1110 2512 fu
1129 2491 1298 2513 certamente
1314 2490 1331 2512 il
1357 2496 1385 2521 13
1408 2490 1532 2513 sebbi-aio
1548 2494 1613 2520 1352
1629 2490 1691 2518 (cfr.
1712 2489 1881 2512 MURATmu.
1896 2488 1972 2513 Arm..

1080 2532 1112 2555 ad
1135 2539 1166 2561 m,
1186 2539 1200 2555 e
1219 2531 1337 2559 ὃτΕιιΛ,
1360 2532 1438 2559 Amr,
1452 2532 1481 2554 in
1500 2532 1561 2555 RH.
1578 2533 1616 2555 ll.
1632 2531 1690 2559 SS..
1704 2530 1791 2559 XVII,
1809 2530 1900 2561 1091):
1916 2528 1972 2560 pub

1079 2581 1167 2597 essere
1182 2574 1230 2597 che
1246 2574 1271 2597 la
1288 2575 1450 2598 narn-azione
1466 2574 1506 2596 sia
1522 2575 1647 2604 spostata
1661 2581 1674 2596 e
1689 2573 1775 2597 debba
1787 2573 1911 2596 mettersi
1924 2570 1971 2603 piu

1086 2617 1180 2640 avanti
1193 2626 1198 2643 ;
1219 2623 1262 2639 ma
1283 2614 1338 2645 pu&
1353 2615 1440 2639 anche
1454 2623 1541 2639 essere
1556 2616 1605 2639 che
1620 2616 1638 2638 il
1655 2616 1779 2638 cronista
1792 2616 1972 2646 equivocasse

1080 2658 1239 2688 ponendola
1260 2659 1305 2687 qni
1328 2656 1427 2687 perch‘c
1447 2658 1472 2680 ln
1488 2658 1647 2688 spedizione
1662 2657 1734 2680 delle
1747 2657 1825 2688 galee
1838 2657 1970 2687 genovesi

1079 2707 1124 2723 era
1144 2701 1250 2731 partita
1272 2700 1313 2722 nel
1336 2701 1458 2730 germaio
1482 2705 1543 2730 1351
1566 2698 1613 2730 (cs.
1634 2699 1656 2722 il
1679 2700 1738 2723 Chr.
1760 2699 1827 2727 Est.‚
1848 2696 1918 2729 466),

1167 2740 1178 2756 ⁵
1199 2742 1220 2765 Il
1246 2749 1276 2772 14
1297 2742 1385 2772 aprile
1415 2747 1477 2773 1351
1503 2748 1591 2765 aveva
1611 2743 1726 2765 assunto
1748 2742 1775 2764 in
1796 2741 1923 2771 Bologna
1944 2740 1970 2764 la

1078 2784 1219 2807 direzione
1239 2784 1283 2807 del
1303 2791 1437 2815 governo.
1458 2791 1509 2807 con
1524 2783 1611 2807 titolo
1625 2784 1652 2807 di
1667 2784 1809 2814 capitano,
1823 2781 1968 2806 Giovanni

1078 2826 1112 2849 da
1132 2825 1261 2857 Oleggio‚
1289 2825 1367 2857 figlio
1395 2825 1523 2849 naturale
1549 2825 1813 2851 dess’arcivescovo:
1840 2825 1861 2847 il
1889 2824 1970 2855 quale

1078 2869 1185 2891 temeva
1205 2867 1296 2891 molto
1317 2867 1365 2891 che
1386 2868 1392 2890 i
1415 2867 1513 2898 Pepoli
1536 2867 1678 2890 volessero
1699 2867 1864 2890 riassumere
1886 2866 1905 2888 il
1922 2873 1968 2895 po-

1077 2910 1134 2932 tere
1154 2910 1198 2933 col
1220 2910 1315 2933 favore
1335 2909 1478 2940 populare.
1499 2909 1648 2932 'srovatasi
1670 2911 1765 2940 aperta
1779 2915 1835 2932 una
1850 2910 1928 2932 notte
1942 2907 1968 2931 la

1077 2953 1158 2982 porta
1178 2951 1205 2975 di
1228 2951 1412 2982 Castiglione,
1428 2951 1450 2974 11
1465 2952 1578 2974 custode
1599 2949 1728 2974 confesso
1743 2951 1769 2974 di
1787 2950 1881 2973 averlo
1897 2950 1968 2973 fatto

1078 3001 1091 3017 a
1113 2995 1219 3018 istanza
1239 2994 1266 3017 di
1289 2992 1426 3017 Giacomo
1446 3000 1460 3016 e
1480 2993 1544 3017 altri
1567 2994 1610 3016 [lei
1635 2993 1729 3026 m-poli
1746 3000 1793 3023 per
1809 2992 1968 3016 introdurre

2029 482 2040 500 fx
2056 487 2101 501 vr„
2123 483 2134 496 f·
2149 487 2160 497 r.

2001 2454 2035 2478 30

2001 2663 2029 2688 35

1999 2875 2031 2898 40
