2318 3603
211 505 290 523 naa

210 1250 228 1257 ..
245 1236 291 1260 ool

341 2043 371 2061 10

349 2672 380 2698 ²5

352 2882 386 2909 30

983 311 1294 349 CHRONICON
1325 311 1635 349 MUTINENSE
2055 318 2106 352 [Α.
2129 319 2220 351 1³29]

389 434 540 468 octobris
551 434 570 466 ¹.
594 434 694 466 Tunc
711 434 883 466 Marsilius
895 438 929 465 et
941 431 1062 464 Petrus
1078 433 1122 465 de
1138 431 1271 464 Rubeis
1284 433 1421 465 fuerunt
1436 433 1570 465 Vicarii
1583 433 1731 465 civitatis
1743 433 1887 464 Parmae
1910 443 1972 474 pro
1994 432 2221 475 Imperatore!

390 487 454 519 Die
475 488 577 519 lunae
601 486 693 528 xxvij
718 485 914 518 novembris
944 485 979 516 in
1009 485 1094 516 hora
1124 494 1344 526 vesperorum
1375 485 1467 517 venit
1491 495 1606 517 comes
1629 485 1798 517 Henricus
1823 485 1865 516 de
1889 485 2100 518 Monteforte
2122 485 2222 516 Pala-

389 540 490 572 dinus
511 535 767 571 'Mareschalcus
791 537 918 570 domini
940 537 1111 569 Ludovici
1134 537 1355 578 Imperatoris
1379 538 1421 569 de
1443 538 1590 569 Bavaria
1611 538 1781 570 Mutinam
1798 548 1818 569 a
1842 537 1979 569 civitate
2000 536 2143 569 Parmae
2159 547 2222 579 pro

389 592 597 634 Imperatore
614 602 690 622 cum
708 591 879 623 sexcentis
895 590 1058 621 militibus
1074 590 1294 626 theutonicis;
1311 596 1345 621 et
1361 595 1525 621 steterunt
1541 590 1698 622 Mutinae
1714 600 1776 631 per
1792 590 1943 631 spacium
1960 589 2080 621 decem
2093 590 2223 622 hebdo-

388 645 523 677 madum
547 645 601 675 vel
625 644 724 675 trium
747 643 911 674 mensium
940 641 1147 674 disrobando
1170 642 1328 673 homines
1350 642 1446 673 cives
1469 647 1503 673 et
1526 642 1671 673 rusticos
1693 648 1727 673 et
1750 641 1911 674 intrando
1935 642 1971 672 in
1995 641 2151 673 domibus
2174 642 2223 673 ci-

390 699 481 729 vium
505 702 624 728 contra
641 706 757 727 eorum
781 695 990 727 voluntatem
1015 700 1048 725 et
1065 703 1123 725 eos
1141 695 1183 725 de
1206 694 1357 735 propriis
1381 694 1538 726 domibus
1562 694 1778 735 expellendo,
1803 694 1996 735 dirupando
2013 694 2132 726 domos
2155 699 2223 725 tam

390 751 424 781 in
441 750 579 782 civitate
603 759 703 790 quam
728 747 774 788 [in
798 747 939 789 burgisj,
964 746 1152 790 lignamina
1175 746 1410 778 comburendo
1428 753 1462 778 et
1477 747 1545 778 alia
1561 747 1707 788 pessima
1731 747 1894 778 faciendo
1911 746 2024 788 qualia
2039 757 2221 788 numquam

390 803 424 833 in
448 803 586 834 civitate
608 801 764 832 Mutinae
781 800 873 831 facta
897 800 1052 836 fuerunt:
1069 805 1102 830 et
1126 799 1340 830 intraverunt
1362 798 1532 830 Mutinam
1556 809 1619 840 per
1634 805 1766 840 portam
1791 799 1994 831 Cittanovae
2013 805 2046 830 et
2062 798 2224 830 conducti

391 862 424 887 et
447 854 559 886 vocati
584 854 721 885 fuerunt
745 853 788 883 ad
812 852 938 884 dictam
971 851 1144 882 civitatem
1168 859 1232 892 per
1255 850 1431 882 dominum
1463 851 1659 882 Guidonem
1684 851 1744 892 [et]
1774 851 1996 883 Manfredum
2021 851 2064 882 de
2095 850 2166 882 Piis
2189 855 2223 881 et

389 908 571 939 Nicolaum
596 907 639 938 de
664 906 776 937 Fredo
790 904 811 936 ².
857 904 1023 936 Dominus
1046 903 1170 935 Hettor
1192 903 1314 935 Comes
1337 903 1380 934 de
1404 903 1535 935 Panico
1558 903 1754 944 praedictus
1779 903 1892 935 factus
1915 904 1982 935 fuit
2005 903 2165 935 Vicarius
2187 903 2223 933 in

391 960 532 991 civitate
549 957 705 990 Mutinae
723 957 779 989 die
804 956 922 988 martis
945 955 1049 994 xxviii
1076 955 1268 987 novembris
1285 965 1374 986 anno
1390 955 1528 986 Domini
1543 954 1778 998 M.cccxxviiij
1791 955 1813 987 ³.
1859 956 1959 987 Tunc
1972 955 2151 997 praedicta
2168 955 2223 986 die

392 1014 428 1045 in
452 1018 551 1044 nocte
575 1011 641 1043 fuit
664 1016 886 1052 praeceptum
919 1019 982 1050 per
1005 1008 1232 1049 Capitaneum
1259 1014 1292 1039 et
1315 1007 1477 1039 officiales
1500 1008 1545 1040 ad
1569 1008 1718 1049 dapnum
1743 1008 1885 1040 cuilibet
1902 1008 2225 1040 comunisaMutinae

389 1073 426 1098 ut
442 1065 582 1108 quilibet
606 1063 747 1096 deberet
770 1062 902 1094 solvere
927 1062 982 1093 die
1005 1061 1162 1102 sequenti
1179 1061 1214 1091 in
1230 1069 1330 1092 mane
1347 1060 1471 1092 coltam
1489 1060 1696 1101 duplicatam
1708 1060 1730 1092 ⁴.
1769 1061 1834 1092 Die
1859 1061 2021 1093 mercurii
2037 1060 2224 1102 penultimo

390 1118 583 1151 novembris
605 1115 890 1159 praenunciatum
921 1114 988 1145 fuit
1012 1123 1053 1145 ex
1077 1119 1174 1155 parte
1200 1112 1328 1144 domini
1352 1112 1517 1154 Episcopi
1542 1113 1755 1150 mutinensis,
1785 1113 1908 1156 Legati
1940 1113 2055 1155 Papae
2088 1112 2223 1144 Nicolaj

390 1171 511 1215 quinti,
539 1176 576 1201 ut
603 1169 766 1201 darentur
797 1167 909 1200 eidem
936 1167 970 1198 in
1001 1165 1138 1207 scriptis
1168 1176 1222 1196 res
1253 1171 1286 1197 et
1312 1165 1403 1196 bona
1433 1165 1660 1206 Episcopatus
1682 1165 1836 1197 Mutinae
1861 1171 1895 1197 et
1918 1165 2066 1197 omnium
2083 1165 2225 1197 aliorum

394 1223 597 1255 clericorum
614 1221 771 1253 Mutinae
787 1226 821 1251 et
837 1220 911 1252 eius
927 1218 1103 1251 districtus
1116 1218 1137 1249 5.
1184 1216 1260 1249 'Die
1277 1217 1362 1249 iovis
1386 1218 1506 1249 ultimo
1524 1217 1717 1249 novembris
1741 1224 1887 1249 castrum
1909 1217 2071 1260 Livicani
2087 1223 2224 1259 captum

390 1283 424 1309 et
447 1274 657 1308 disrobatum
681 1274 746 1305 fuit
769 1284 831 1314 per
848 1272 1081 1303 Theutonicos
1104 1270 1300 1312 praedictos
1323 1276 1356 1302 et
1372 1280 1436 1312 per
1459 1270 1641 1301 Nicolaum
1660 1271 1702 1302 de
1726 1269 1923 1302 Mirandula
1939 1270 2157 1311 [hominibus]
2181 1269 2225 1301 de

392 1330 487 1362 dicto
511 1334 622 1360 castro
638 1334 720 1359 tunc
745 1324 982 1359 obedientibus
1005 1324 1141 1356 comuni
1165 1323 1320 1355 Mutinae
1332 1323 1352 1354 ⁶.
1400 1323 1465 1354 Die
1483 1323 1643 1355 mercurii
1667 1322 1698 1364 η’
1723 1323 1914 1355 decembris
1930 1323 2139 1355 Theutonici
2154 1323 2226 1354 ive-

391 1388 468 1414 runt
505 1381 547 1412 ad
581 1380 725 1412 Pontem
761 1378 964 1421 Aqualonga
994 1383 1027 1408 et
1058 1382 1349 1418 stromacaverunt
1383 1376 1494 1417 ipsum
1526 1382 1559 1407 et
1590 1375 1746 1407 homines
1776 1375 1823 1407 ibi
1856 1375 2037 1407 existentes
2071 1375 2226 1417 quamvis

393 1435 572 1467 obedirent
594 1432 750 1464 Mutinae
773 1437 805 1463 et
828 1441 931 1462 unum
949 1440 990 1462 ex
1013 1430 1114 1461 dictis
1137 1428 1331 1460 hominibus
1356 1429 1404 1460 ibi
1429 1428 1675 1460 interfecerunt
1688 1427 1708 1459 ⁷.
1757 1428 1820 1460 Die
1843 1428 1978 1460 veneris
2001 1435 2078 1460 ante
2103 1429 2224 1460 festum

480 1603 503 1620 1.
526 1595 663 1619 Maxllius
681 1595 712 1617 Α.
733 1607 764 1611 -
785 1600 808 1624 3.
823 1600 837 1616 a
851 1591 980 1622 civitate]
995 1591 1044 1614 cosi
1060 1598 1127 1614 corr.
1143 1590 1234 1616 Mum:
1250 1590 1402 1613 autoritate
1415 1589 1456 1618 A.,
1473 1589 1517 1613 Cr.
1532 1602 1563 1606 ·-—
1579 1594 1602 1618 5.
1616 1588 1746 1612 homines
1765 1588 1837 1617 forse
1858 1589 1871 1612 ὲ
1892 1589 1926 1612 da
1945 1595 2028 1613 corr-²
2048 1597 2093 1613 con
2112 1589 2224 1612 omnes?

394 1655 425 1657 —
447 1648 470 1673 7.
492 1642 520 1663 in
541 1638 648 1671 burgis]
674 1640 701 1662 in
722 1638 754 1662 A.
775 1638 805 1662 vi
822 1638 835 1660 ὲ
855 1645 887 1659 un
906 1644 986 1667 segno
1005 1634 1174 1666 illeggiffilm
1195 1634 1264 1657 alibi
1286 1642 1353 1657 corr.
1374 1633 1460 1663 Μυῖα,
1484 1633 1527 1657 Cr.
1549 1646 1579 1649 -—
1600 1640 1624 1664 9.
1644 1635 1672 1656 et
1692 1633 1788 1656 avanti
1800 1632 1975 1656 Mantredum
1994 1641 2042 1656 non
2062 1634 2075 1656 ὲ
2094 1633 2138 1656 nei
2154 1633 2222 1663 testi,

393 1693 435 1708 ma
454 1684 479 1708 ci
492 1687 563 1714 pare
576 1682 721 1707 necessario
741 1695 773 1699 —-
795 1687 834 1705 10.
849 1679 964 1703 PanitIo
983 1679 1016 1702 A.
1037 1691 1068 1694 —
1092 1684 1131 1701 τι.
1145 1677 1243 1701 martis
1258 1678 1350 1709 xxviij
1367 1675 1443 1707 nov.]
1459 1677 1589 1700 mercurii
1606 1675 1638 1699 28
1653 1683 1718 1699 nov.
1735 1677 1781 1702 Α.;
1797 1685 1838 1700 ma
1852 1678 1896 1700 nel
1907 1684 1973 1707 1329
1986 1677 2008 1700 il
2019 1677 2052 1700 28
2065 1684 2123 1700 nov.
2143 1677 2224 1700 cadde

393 1730 419 1752 in
438 1728 552 1752 marted)
574 1740 604 1744 —
629 1733 667 1750 12.
693 1725 729 1749 ad
755 1723 888 1757 dapnum]
916 1732 964 1746 om.
993 1722 1079 1748 MUR„
1100 1735 1107 1738 -
1128 1720 1269 1752 comunis]
1295 1721 1328 1744 A.
1349 1722 1381 1744 lm
1400 1721 1468 1750 cois,
1494 1721 1600 1744 abbrev.
1620 1721 1664 1743 che
1691 1721 1724 1743 da
1745 1720 1822 1744 Mun.
1843 1721 1856 1743 ὲ
1874 1720 1967 1744 sciolta
1986 1721 2013 1743 in
2031 1721 2099 1748 civi,
2117 1721 2152 1744 da
2179 1721 2223 1745 Cr.

397 1773 423 1796 in
444 1773 516 1795 civis
536 1785 568 1788 —
591 1777 629 1801 15.
648 1769 794 1800 darentur]
808 1768 858 1792 cosi
872 1768 964 1796 MURJ,
978 1767 1091 1790 daretur
1111 1766 1154 1793 A„
1170 1766 1215 1790 Cr.
1236 1778 1244 1782 -
1264 1763 1391 1796 scriptis]
1412 1765 1461 1788 cosi
1483 1773 1552 1788 corr.
1572 1764 1663 1791 Mum:
1688 1765 1775 1796 septis
1794 1765 1837 1794 A„
1861 1765 1906 1789 Cr.
1926 1777 1936 1782 -
1957 1766 1983 1788 et
2003 1765 2100 1788 avanti
2117 1773 2133 1788 a
2152 1765 2223 1788 bona

393 1825 441 1840 om.
463 1817 507 1842 Cr.
528 1828 559 1833 -
582 1814 622 1839 16.
641 1812 820 1844 clericorum]
848 1815 960 1842 sospena
985 1812 1028 1835 che
1054 1810 1209 1841 l’orfigiuale
1232 1816 1324 1832 ‹za-esse
1349 1808 1530 1831 ecclesiarum
1552 1821 1559 1825 ·
1581 1807 1726 1841 Livicani]
1752 1807 1803 1832 cosi
1829 1808 1917 1835 Mum,
1945 1809 2005 1837 Cr.·‚
2028 1807 2167 1832 Luvizani
2193 1808 2224 1832 A.

395 1875 426 1879 —
449 1866 488 1891 17.
507 1859 669 1883 hominibus
699 1866 766 1889 agg.
786 1857 864 1880 Mra.
885 1869 915 1872 —
944 1854 984 1879 18.
1009 1852 1217 1884 obedientibus]
1244 1852 1442 1876 obsidentibus
1468 1852 1545 1876 Mun.
1567 1865 1597 1869 —
1627 1859 1665 1883 19.
1691 1854 1931 1876 sturmazaverunt
1958 1852 2050 1881 Μυκη,
2075 1854 2224 1876 stramaza-

394 1906 495 1928 verunt
523 1904 567 1928 Cr.

486 2001 494 2018 ¹
513 2003 582 2026 Dice
602 2001 623 2025 il
645 2002 704 2025 Chr.
720 2004 817 2032 parm„
837 1999 908 2023 edlz.
928 1998 1057 2025 Bonazzi,
1077 2005 1102 2028 p.
1125 2003 1181 2029 199,
1200 1996 1218 2019 l.
1233 2002 1281 2026 34:

401 2044 414 2057 ²
425 2045 459 2069 Et
472 2045 524 2068 hoc
537 2045 629 2068 totum
640 2043 734 2066 evenit
748 2043 862 2073 propter
873 2041 1006 2064 duritiam
1016 2044 1043 2062 et
1058 2039 1237 2069 iniquitatem
1249 2038 1284 2060 le-

401 2087 414 2099 ¹‘
425 2087 483 2118 gati
506 2093 587 2117 quam
601 2084 725 2108 ostendit
739 2085 836 2107 contra
851 2083 995 2106 civitatem
1009 2081 1105 2104 Parme
1119 2082 1145 2102 et
1160 2081 1284 2110 regentes

402 2128 416 2141 ‘¹
426 2128 553 2152 civitatis
566 2126 671 2154 Parme,
692 2127 718 2149 et
738 2125 857 2149 maxime
871 2125 985 2154 propter
999 2123 1189 2146 detentionem
1203 2128 1283 2151 quarn

402 2159 416 2183 “⁴
428 2171 528 2194 fecerat
553 2172 580 2192 et
601 2168 720 2192 faciebat
743 2168 776 2190 de
795 2165 925 2189 Rolando
944 2164 1041 2188 Rubeo
1053 2182 1075 2193 Π.
1095 2163 1119 2186 11
1138 2162 1219 2186 Rossi
1241 2169 1284 2185 era

401 2214 474 2236 stato
489 2212 622 2235 arrestato
644 2210 672 2232 in
690 2208 817 2239 Bologna
832 2207 851 2230 il
875 2213 902 2237 ις
926 2207 1031 2237 agosto,
1047 2205 1162 2228 essendo
1183 2204 1286 2227 andato

401 2252 463 2277 cola
483 2260 530 2284 per
551 2253 643 2275 invito
663 2251 691 2274 di
712 2249 866 2274 Bertrando
889 2250 993 2271 “causa
1013 2246 1171 2278 complendi
1192 2253 1286 2277 pacem

404 2297 416 2309 ‘⁴
429 2303 489 2319 cum
509 2294 673 2318 extrinsecis
687 2293 783 2315 Parme
796 2309 807 2321 ,7
823 2291 896 2322 (Chr.
911 2291 966 2315 cit.v
980 2297 1005 2320 p.
1023 2287 1079 2320 196.
1093 2289 1111 2311 1.
1125 2288 1178 2319 40).
1192 2287 1287 2311 Scrive

403 2337 423 2361 11
439 2336 556 2361 Grifl'oni
568 2334 739 2367 (.1!en1.l1ist.,
753 2334 822 2357 ediz.
838 2333 894 2361 cit,
908 2339 933 2362 p.
947 2330 990 2362 38,
1003 2328 1109 2361 42-44):
1125 2330 1137 2341 “
1148 2329 1288 2353 Dominus

406 2380 417 2392 “
431 2380 549 2410 Legatus
563 2378 640 2401 misit
661 2383 711 2408 pro
730 2374 860 2398 Rolando
881 2374 913 2397 de
932 2372 1036 2396 Rubeis
1055 2374 1082 2395 et
1103 2371 1242 2402 aliquibus
1256 2371 1288 2394 de

407 2422 418 2433 ‘⁴
431 2420 529 2451 Regio,
548 2419 697 2444 ostendens
717 2417 789 2441 velle
809 2417 898 2440 facere
917 2422 1019 2446 pacem,
1039 2416 1066 2437 et
1081 2414 1147 2437 fecit
1161 2420 1207 2436 eos
1227 2414 1287 2443 capi

408 2462 419 2475 ‘⁴
432 2464 459 2485 et
472 2462 540 2492 poni
556 2462 584 2483 in
605 2459 760 2483 carceribus
780 2460 806 2481 et
820 2457 913 2480 tenuit
927 2457 1003 2487 ipsos
1018 2455 1098 2478 valde
1113 2454 1186 2477 malo
1207 2454 1289 2476 modo

407 2508 419 2516 ‘⁴
433 2511 494 2528 cum
513 2503 634 2526 maxima
653 2501 815 2532 proditione
834 2500 988 2522 carceratos
1001 2515 1022 2527 ,,.
1060 2494 1157 2520 Ρετεὶὸ
1172 2496 1211 2526 gli
1224 2495 1287 2519 altri

407 2546 451 2570 dei
470 2543 552 2568 Rossi
573 2545 730 2567 trattarono
750 2541 793 2565 col
814 2541 921 2564 Bavsro
941 2547 954 2563 e
974 2539 1013 2570 gli
1034 2538 1146 2562 diedero
1166 2538 1193 2561 la
1213 2536 1290 2561 cittii.

406 2586 536 2611 Rolando
551 2586 580 2609 su
594 2586 642 2616 poi
657 2584 777 2607 liberato
791 2582 835 2606 nel
850 2583 971 2613 germaio
989 2587 1062 2612 1331,
1078 2581 1106 2603 in
1123 2579 1230 2603 cambio
1245 2579 1288 2602 dei

409 2630 470 2660 capi
491 2627 562 2651 delle
577 2626 683 2650 milizie
696 2624 901 2649 ecclesiastiche
916 2623 980 2647 fatti
994 2622 1161 2653 prigionieri
1175 2621 1219 2644 dai
1235 2620 1292 2644 Mo-

409 2670 502 2695 denesi
524 2677 539 2692 a
558 2668 718 2698 Formigine
733 2666 753 2689 il
768 2672 801 2696 24
821 2665 908 2696 aprile
924 2671 1004 2695 1330?-
1018 2663 1052 2687 cf.
1069 2663 1235 2693 Chr.parm.‚
1251 2662 1291 2685 ed.

410 2712 539 2741 Bonazzi,
558 2717 583 2742 p.
607 2708 662 2741 196,
683 2707 768 2740 35-46‚
781 2715 795 2731 e
809 2715 834 2738 p.
855 2714 914 2736 211,
927 2713 1012 2739 39-41.
1050 2705 1072 2728 11
1093 2706 1229 2728 vicariato
1244 2705 1292 2727 im-

411 2754 515 2786 periale
534 2753 578 2776 dei
597 2750 679 2775 Rossi
701 2751 729 2774 su
750 2749 923 2773 consen-mato
944 2748 963 2772 il
988 2755 1017 2780 17
1043 2747 1191 2771 novembre
1219 2752 1293 2778 1329,

411 2797 512 2827 giorno
532 2793 731 2823 dell’ingresso
750 2791 794 2815 del
814 2791 921 2814 Bavaro
937 2791 964 2813 in
980 2789 1093 2818 Pal-maz
1108 2788 1142 2812 cf«.
1161 2788 1220 2812 Chr.
1237 2789 1294 2816 cit..

412 2845 438 2869 p.
458 2843 517 2866 202,
536 2841 569 2868 35
588 2843 602 2859 e
622 2841 678 2866 sgg.

492 2878 504 2895 ²
521 2878 614 2902 Erano
634 2878 642 2900 i
662 2877 722 2908 capi
737 2876 765 2899 di
780 2877 857 2906 parte
870 2873 1025 2905 ghibellina
1041 2873 1068 2896 in
1082 2872 1202 2896 Modena
1223 2872 1296 2895 favo-

414 2924 472 2951 riti,
492 2920 566 2945 nella
583 2920 646 2943 loro
666 2919 810 2942 iniziativa
830 2917 858 2940 di
879 2916 1016 2940 chiamare
1035 2922 1050 2938 a
1069 2914 1188 2938 Modena
1210 2914 1229 2937 il
1246 2913 1297 2937 Ba-

416 2971 482 2989 varo
497 2963 543 2994 (cf.
561 2960 751 2987 T1m0sem,
772 2959 851 2983 Mem.
871 2961 942 2987 star„
966 2956 1000 2983 11.
1027 2955 1098 2988 233).
1123 2955 1169 2979 dal
1196 2956 1298 2979 rettore

415 3006 512 3030 Ettore
536 3005 571 3029 da
596 3003 708 3031 Panico,
731 3002 751 3025 il
771 3000 851 3032 quale
870 2998 1195 3030 contemporaneamente
1214 3004 1300 3021 aveva

417 3048 590 3081 partecipato
616 3044 701 3070 anche
730 3043 785 3067 alla
813 3043 947 3074 congiunta
971 3041 1018 3064 'dei
1046 3039 1224 3064 Multi-aversi
1253 3046 1301 3070 per

1338 1996 1470 2017 sottrarre
1491 1993 1616 2024 Bologna
1637 1993 1662 2017 al
1683 1992 1789 2024 Legato
1814 1993 1860 2024 (cs.
1884 1992 2041 2023 lerlro-N’I,
2063 1994 2142 2017 Mem.
2162 1993 2228 2018 hist..

1339 2043 1364 2066 p.
1387 2034 1428 2066 38.
1450 2035 1478 2058 ll.
1499 2034 1596 2066 28-37).

1426 2075 1438 2091 ³
1457 2077 1500 2101 Da
1520 2079 1623 2100 rettore
1642 2085 1690 2108 per
1710 2078 1736 2101 la
1757 2077 1858 2101 Chiesa
1878 2085 1891 2100 e
1913 2079 2019 2101 vicario
2032 2085 2081 2108 per
2094 2077 2112 2101 l'
2122 2079 2228 2109 impero

1339 2119 1436 2142 Ettore
1455 2120 1489 2142 da
1509 2119 1614 2142 Panico
1636 2119 1664 2142 su
1684 2120 1858 2143 confermata
1876 2119 1921 2142 nel
1935 2126 2060 2150 governo
2073 2119 2147 2143 della
2160 2119 2229 2144 cittii

1340 2163 1403 2185 sino
1424 2162 1449 2185 al
1474 2167 1501 2191 15
1522 2162 1660 2185 dicembre
1678 2168 1757 2193 1329:
1777 2162 1806 2185 di
1827 2169 1862 2193 qu
1871 2164 1931 2185 esto
1951 2169 2000 2185 suo
2022 2163 2158 2186 vicariato
2173 2169 2227 2186 non

1341 2205 1422 2227 csiste
1443 2203 1523 2227 alcun
1544 2204 1720 2227 documento.

1428 2247 1438 2263 ⁴
1458 2247 1551 2269 cultam
1571 2247 1746 2276 duplimtam:
1766 2247 1791 2269 la
1811 2246 1936 2274 colletta,
1954 2254 1970 2269 0
1986 2247 2105 2277 imposta
2119 2246 2230 2270 fondia-

1342 2289 1392 2315 ria,
1412 2289 1439 2310 in
1461 2288 1563 2311 misura
1583 2288 1687 2319 doppia
1707 2288 1734 2311 di
1750 2288 1842 2318 quella
1861 2288 1910 2311 che
1931 2295 1945 2311 a
1965 2288 2075 2311 ciascun
2089 2288 2230 2312 cittadino

1342 2337 1386 2353 era
1408 2331 1480 2352 stata
1499 2331 1644 2359 assegnata
1665 2331 1693 2352 in
1713 2331 1899 2360 proporzione
1918 2330 1961 2353 del
1982 2336 2032 2353 suo
2051 2331 2160 2353 estimo.

1429 2371 1441 2387 Ξ·
1460 2371 1554 2394 Pietro
1574 2370 1608 2394 da
1629 2369 1762 2400 Corvara,
1782 2371 1868 2394 eletto
1889 2372 2023 2402 antipapa
2043 2371 2087 2394 col
2107 2378 2188 2395 nome
2201 2371 2229 2395 di

1342 2411 1460 2436 Niccolo
1481 2412 1504 2435 V
1526 2412 1546 2435 il
1570 2418 1597 2435 12
1619 2414 1731 2443 maggio
1753 2411 1826 2443 1328,
1847 2411 1949 2436 mando
1970 2420 1984 2435 a
2009 2411 2130 2436 Modena
2155 2420 2231 2437 come

1345 2461 1463 2478 vescovo
1483 2461 1497 2477 e
1517 2461 1566 2477 suo
1581 2454 1673 2485 legato
1685 2453 1826 2482 Rolando,
1839 2454 1888 2477 che
1901 2453 1932 2477 fu
1947 2455 2042 2477 invece
2053 2454 2098 2477 del
2113 2461 2231 2478 vescovo

1344 2497 1486 2527 legittimo
1514 2495 1609 2519 Guido
1635 2494 1716 2519 Guisi
1738 2496 1787 2519 che
1812 2497 1834 2519 si
1856 2503 1900 2519 era
1921 2497 2034 2519 ritirato
2061 2497 2088 2519 in
2102 2495 2231 2527 Bologna

1345 2545 1440 2568 presso
1461 2538 1479 2560 il
1501 2537 1642 2561 cardinale
1661 2537 1822 2560 Bertrando.
1843 2536 1978 2560 L'estimo
1997 2537 2040 2560 dei
2062 2537 2124 2560 beni
2148 2538 2231 2561 eccle·

1346 2580 1452 2603 siastici
1473 2579 1507 2602 da
1527 2579 1566 2602 lui
1586 2579 1718 2602 ordinato
1739 2586 1795 2602 non
1816 2585 1901 2602 aveva
1922 2578 2000 2602 nulla
2019 2579 2047 2602 di
2063 2580 2232 2603 straordina-

1347 2622 1406 2647 rio;
1427 2621 1487 2644 anzi
1508 2627 1553 2644 era
1567 2622 1641 2644 stato
1660 2618 1707 2651 gia
1726 2620 1876 2651 prescritto
1890 2619 1965 2643 dalla
1987 2621 2176 2644 costituzioue
2188 2621 2233 2644 del
2265 2626 2275 2631 ¹

1348 2664 1456 2686 recente
1474 2662 1575 2686 sinodo
1595 2663 1754 2686 ravennate.

1434 2701 1445 2717 ὅ
1456 2702 1621 2733 Levizzano,
1633 2711 1681 2727 ora
1697 2704 1819 2727 srazione
1830 2703 1874 2727 del
1885 2710 2000 2727 comune
2012 2704 2040 2727 di
2050 2702 2233 2731 Castelvetro,

1348 2753 1397 2778 par
1417 2746 1466 2769 che
1485 2745 1574 2769 allora
1595 2746 1667 2769 fosse
1682 2747 1710 2768 in
1725 2753 1807 2769 mano
1822 2746 1849 2769 di
1865 2753 1919 2768 una
1935 2745 2062 2776 famiglia
2078 2746 2171 2769 nobile
2185 2746 2234 2770 clu·

1349 2791 1442 2811 traeva
1455 2787 1476 2810 il
1487 2794 1536 2811 suo
1549 2794 1629 2810 nome
1640 2786 1685 2810 dal
1697 2787 1781 2817 luogo
1793 2786 1914 2816 (Tmas,
1927 2787 1997 2817 Dia,
2012 2786 2032 2817 1,
2048 2787 2118 2818 407).
2132 2787 2235 2811 Nicolo

1350 2829 1423 2853 della
1436 2827 1596 2852 Mirandola
1610 2836 1655 2852 era
1674 2829 1717 2852 dei
1733 2828 1800 2851 Pico
1814 2827 1861 2859 (cs,
1876 2827 1905 2852 F.
1921 2828 2079 2853 Cenum-Tr.
2096 2829 2236 2861 Biwasfe

1345 2871 1471 2901 prehensi,
1491 2869 1525 2897 Π,
1546 2869 1600 2901 31).
2194 2859 2202 2863 ”

1438 2910 1448 2927 '¹'
1468 2911 1516 2936 Sul
1536 2914 1621 2942 ponte
1641 2911 1900 2942 dell’Acqualonga‚
1916 2912 1965 2935 che
1978 2909 1992 2935 ὲ
2006 2911 2133 2936 l’attuale
2146 2911 2237 2936 Ponte

1353 2954 1439 2978 Basso
1449 2952 1794 2981 sulSecchia,cf.'1'112.xs.,
1806 2954 1877 2982 Dia,
1887 2952 1922 2981 ΙΙ,
1933 2959 1946 2976 2
1954 2959 1991 2984 ¹3-
2022 2952 2046 2976 11
2058 2960 2084 2976 v.
2099 2954 2111 2966 “
2123 2955 2237 2978 stroma-

1354 3003 1439 3029 care„
1460 2996 1495 3020 ha
1515 3003 1550 3019 un
1572 2995 1730 3026 significato
1750 2995 1829 3019 affine
1849 3003 1863 3019 a
1883 2995 1978 3026 quello
1997 2995 2025 3018 di
2047 2995 2202 3026 abbattere;
2221 2995 2236 3020 ὲ

1357 3038 1374 3061 l’
1384 3039 1415 3062 it.
1438 3038 1451 3050 ·‘
1463 3039 1648 3061 strammare
1660 3053 1683 3067 „-

2248 642 2264 672 5

2251 904 2288 934 10

2253 1165 2289 1195 15

2257 1997 2287 2023 35

2259 2415 2290 2442 45

2265 2832 2294 2858 53
