2318 3603
153 786 172 801 c.
187 782 217 805 ³8
230 781 242 800 ό

275 1692 305 1710 10

274 1898 302 1923 ις

271 2111 304 2128 20

272 2323 302 2347 ²5

272 2534 305 2558 30

273 2956 306 2980 40

940 234 1249 270 CHRONICON
1278 234 1585 272 MUTINENSE
2010 240 2062 275 [A.
2084 241 2178 276 1319]

346 303 2162 312 .........................................................................................................................................................................................................
2164 305 2177 311 .-

338 356 371 381 et
395 351 551 382 dominus
574 349 772 382 Passarinus
795 361 871 382 cum
897 362 937 383 eo
962 358 995 383 et
1021 362 1098 383 cum
1123 362 1240 383 eorum
1265 352 1419 384 exercitu
1443 353 1536 384 circa
1560 353 1733 384 civitatem
1766 352 1871 394 Regii
1902 359 1937 384 et
1968 353 2107 385 fuerunt
2129 352 2177 385 ibi

339 404 374 433 in
397 403 513 446 Burgo
538 402 686 434 Sanctae
710 403 831 435 Crucis
855 404 963 436 tribus
995 404 1114 436 diebus
1129 405 1148 435 ¹.
1196 404 1328 435 Eodem
1352 404 1532 437 millesimo
1557 405 1614 437 die
1637 404 1692 447 xvj
1725 405 1851 436 mensis
1882 405 1961 436 maii
1994 404 2027 436 in
2059 404 2179 448 vigilia

339 455 559 487 Ascensionis
582 455 787 488 Manfredus
811 457 853 488 de
877 456 947 488 Piis
971 457 1106 498 accepit
1130 463 1278 489 castrum
1304 455 1418 498 Carpi,
1443 458 1501 489 ubi
1533 464 1685 490 mortuus
1715 459 1780 489 fuit
1813 463 1979 501 cognatus
2010 464 2044 490 et
2074 467 2179 500 gener

338 508 529 551 Cachariae
544 508 586 539 de
601 508 846 546 Tosabecchis‚
860 515 893 540 et
906 515 986 541 tunc
1000 509 1150 551 perdidit
1168 509 1282 540 dictus
1295 509 1482 553 Cacharias
1494 510 1583 542 ultra
1594 510 1718 553 viginti
1735 511 1826 542 milia
1844 510 2005 542 librarum
2021 509 2177 542 Mutinae

339 561 373 591 in
398 566 534 592 moneta
546 560 567 592 ².
615 561 658 592 Et
674 561 733 593 illo
752 567 905 603 tempore
922 572 1038 594 omnes
1063 561 1111 593 illi
1137 562 1180 593 de
1205 561 1275 593 Piis
1299 568 1332 593 et
1358 561 1400 593 de
1427 562 1586 605 Gorcano
1612 564 1790 595 exiverunt
1813 573 1872 594 seu
1898 568 2110 594 recesserunt
2135 563 2177 593 de

337 613 474 645 civitate
499 613 653 645 Mutinae
678 619 711 644 et
736 614 779 645 de
804 613 976 646 nobilibus
1000 613 1090 646 solus
1114 614 1275 645 remansit
1300 614 1458 646 dominus
1482 615 1685 647 Franciscus
1718 616 1761 647 de
1793 615 2001 653 Mirandula,
2025 614 2059 645 in
2083 614 2179 646 cuius

337 665 474 697 dicione
499 665 615 697 omnia
638 666 789 697 civitatis
805 666 942 709 negotia
959 672 1192 698 remanserunt
1206 666 1227 698 ³.
1273 666 1407 698 Eodem
1420 667 1599 699 millesimo
1617 668 1672 699 die
1690 668 1795 712 xxviij
1821 667 2025 710 septembris
2040 667 2178 709 expleta

336 718 402 750 tuit
426 719 528 750 turris
550 724 689 750 sanctae
720 719 889 751 ecclesiae
914 718 1033 751 Sancti
1059 719 1257 751 Geminiani
1288 725 1322 751 et
1348 720 1495 761 positum
1529 721 1593 752 fuit
1624 722 1659 752 in
1690 722 1882 753 summitate
1913 731 2051 762 pomum
2075 721 2178 752 deau-

338 776 457 808 ratum,
482 776 635 812 tempore
660 772 839 803 massariae
864 772 994 803 domini
1017 771 1207 803 Alexandri
1232 772 1274 803 de
1298 772 1401 804 Porta
1426 773 1571 804 civitatis
1595 771 1750 805 Mutinae
1763 773 1799 805 ⁴.'
1847 774 1930 805 Item
1958 773 2079 804 eodem
2102 771 2177 804 mil-

337 823 452 855 lesimo
485 824 642 855 dominus
672 824 877 856 Franciscus
909 825 951 857 de
974 824 1174 856 Mirandula
1205 825 1319 866 posuit
1350 825 1561 857 obsidionem
1593 825 1732 868 [castro]
1764 827 1868 868 Carpi
1893 832 1926 858 et
1959 825 2007 857 ibi
2039 830 2177 857 steterat

336 876 444 909 tribus
467 877 675 918 septimanis,
700 883 733 909 et
757 878 914 909 dominus
939 877 1100 910 Gibertus
1124 878 1166 909 de
1198 877 1348 920 Corigia‚
1367 878 1424 920 qui
1456 888 1534 909 cum
1551 889 1674 922 magna
1697 879 1914 912 multitudine
1939 880 2083 910 militum
2106 877 2178 910 ibat

337 940 451 961 versus
467 929 630 968 Brixiam,
647 930 807 971 precibus
825 936 859 962 et
874 931 993 972 precio
1010 931 1279 962 extrinsecorum
1296 930 1451 962 Mutinae
1468 931 1594 962 levavit
1619 932 1749 963 dictum
1774 932 1960 964 exercitum
1984 931 2041 972 [et]
2066 931 2177 962 redie-

334 988 411 1013 runt
428 982 596 1014 Mutinam
620 982 805 1015 insalutato
830 983 963 1025 hospite
977 983 997 1015 ⁵.
1045 984 1178 1015 Eodem
1204 983 1383 1014 millesimo
1408 983 1534 1015 fratres
1558 983 1706 1016 Sanctae
1724 983 1857 1016 Mariae
1882 985 1925 1016 de
1948 985 2069 1016 Monte
2092 983 2176 1016 Car-

335 1035 422 1066 melo
446 1041 613 1066 venerunt
637 1035 682 1067 ad
705 1035 930 1068 habitandum
954 1036 1096 1077 insuper
1127 1036 1215 1067 viam
1241 1035 1421 1068 Claudiam
1446 1046 1553 1078 prope
1577 1036 1715 1068 Portam
1740 1036 1880 1080 Salieeti
1908 1038 1942 1068 in
1976 1030 2134 1069 domibus
2157 1046 2177 1067 a

335 1088 472 1120 domiuo
496 1087 682 1120 Anthelmo
708 1089 751 1120 de
776 1089 973 1134 Canchanis
996 1089 1145 1130 e[mpti]s
1158 1088 1179 1120 ⁶.

423 1140 590 1172 Dominus
621 1141 789 1184 Gorceria
813 1142 856 1173 de
879 1141 1000 1173 Monte
1032 1142 1173 1173 Melono
1205 1142 1272 1173 fuit
1296 1148 1447 1183 potestas
1477 1141 1632 1174 Mutinae
1657 1142 1716 1183 [in]
1740 1142 1952 1186 M.cccxviiij
1980 1153 2044 1185 pro
2068 1141 2177 1174 tribus

423 1277 447 1301 7.
466 1271 563 1294 omnia
582 1278 630 1295 om.
650 1271 728 1295 MUR.
748 1279 760 1294 e
782 1271 842 1299 Cra.
856 1271 961 1295 amicta
982 1270 1023 1300 A„
1037 1272 1247 1302 probabilmente
1261 1275 1315 1302 per
1334 1275 1428 1296 errata
1448 1273 1622 1296 trascrizione
1641 1272 1671 1295 di
1689 1272 1784 1296 omnia
1804 1285 1836 1289 —
1857 1272 1881 1296 8.
1901 1274 2014 1297 sanctae
2026 1280 2074 1296 om.
2089 1271 2174 1299 Μυκη

337 1312 382 1336 Cr.
398 1325 429 1329 —
447 1319 487 1337 10.
506 1314 610 1341 castro!
632 1312 710 1337 Mun.
725 1322 738 1336 e
752 1314 796 1337 Cr.
816 1321 983 1345 correggono
1003 1314 1159 1337 l’omissione
1178 1314 1331 1337 cambiando
1346 1313 1433 1346 Carpi
1453 1315 1482 1337 di
1501 1315 1531 1338 Α.
1551 1315 1577 1337 in
1597 1312 1692 1345 Carpo
1706 1327 1716 1331 -
1731 1313 1858 1346 steterat]
1877 1314 1928 1338 cos)
1950 1314 1991 1342 A„
2013 1315 2074 1339 Cn:
2094 1315 2175 1338 stetit

334 1354 412 1378 Mun.
426 1368 458 1373 —
476 1360 515 1378 11.
529 1354 653 1378 rnilitum
667 1357 695 1378 et
709 1354 770 1379 ibat
784 1355 829 1383 A.;
849 1357 877 1378 et
896 1363 943 1378 om.
965 1355 1051 1382 Μυκη
1074 1356 1118 1380 Cr.
1141 1368 1172 1372 —
1195 1361 1235 1379 12.
1254 1356 1348 1388 precio
1375 1358 1402 1380 et
1421 1356 1626 1379 extrisecorum
1647 1356 1694 1380 Aa
1714 1357 1742 1380 et
1761 1364 1809 1380 om.
1830 1355 1916 1385 Mun„
1938 1357 1982 1380 Cr.
2002 1368 2013 1374 -
2032 1357 2060 1380 et
2079 1354 2177 1380 avanti

337 1397 480 1420 redierunt
500 1405 567 1428 agg.
588 1397 675 1426 Μυκη
696 1398 743 1422 Cr.
762 1411 794 1415 —
818 1405 857 1428 14.
877 1404 959 1428 super
979 1397 1065 1422 MUR..
1087 1398 1132 1422 Cr.
1153 1411 1183 1415 —
1208 1403 1247 1428 15.
1260 1397 1426 1428 Anthelmo]
1448 1397 1576 1422 Vitelino
1598 1399 1638 1426 A„
1659 1398 1745 1428 Mun„
1767 1400 1827 1425 Cra:
1853 1400 1881 1422 la
1900 1406 1999 1422 correz.
2020 1399 2032 1422 ὲ
2052 1399 2118 1422 dena
2137 1398 2172 1421 da

333 1437 507 1462 PluschNo:
531 1440 558 1462 in
578 1439 610 1462 Α.
630 1448 643 1462 e
664 1440 708 1463 Cr.
730 1447 745 1462 a
766 1438 927 1471 Canchanis
946 1447 1060 1471 seguono
1081 1440 1129 1463 duc
1148 1440 1254 1469 paulini
1272 1441 1306 1463 ed
1323 1448 1356 1463 un
1375 1447 1389 1463 e
1410 1441 1443 1464 ed
1459 1441 1482 1463 il
1500 1440 1577 1464 Mun.
1597 1448 1682 1464 corn:
1702 1440 1833 1464 domibus
1853 1440 1879 1464 d.
1898 1439 2035 1464 Vitelinis
2056 1439 2089 1463 de
2102 1440 2174 1463 Zan-

333 1480 443 1506 :hanisz
458 1481 566 1512 integro
580 1481 602 1504 il
609 1484 690 1512 passo
704 1482 813 1505 tenendo
822 1485 947 1511 presente
961 1481 1135 1505 Piuscnm‘o:
1149 1483 1177 1505 in
1189 1482 1273 1505 domo
1285 1489 1367 1513 quam
1381 1482 1414 1505 ab
1426 1481 1581 1505 Anthelmo
1593 1482 1625 1505 de
1637 1483 1796 1506 Zanchanis
1809 1484 1935 1506 emerant
1947 1495 1976 1499 -
1990 1480 2028 1506 16.
2041 1480 2175 1505 Corceria

334 1522 376 1550 A„
390 1522 477 1553 Mun.¹
493 1523 552 1548 Cr.:
567 1521 695 1547 Gurzena
709 1524 762 1547 M.:
777 1524 807 1547 Ιιο
821 1524 940 1547 adottato
960 1525 987 1547 la
1000 1524 1096 1555 forma
1110 1524 1174 1548 data
1189 1525 1236 1548 dai
1251 1525 1332 1547 Mem.
1346 1537 1355 1541 -
1370 1524 1482 1547 Melano
1502 1524 1544 1553 A„
1559 1524 1644 1553 th.7
1659 1525 1720 1553 Cre,
1735 1524 1850 1548 Melone
1866 1525 1905 1548 M.
1921 1537 1928 1541 -
1943 1523 2006 1556 pro]
2022 1524 2072 1547 cosi
2087 1523 2174 1553 Mun„

335 1565 396 1593 Cr.3
417 1572 466 1596 per
485 1565 518 1589 A.

333 1643 358 1667 al
378 1645 526 1668 settembre
545 1645 590 1668 del
613 1651 678 1676 1319
699 1645 799 1675 (Mem,
814 1653 837 1668 a.
860 1651 933 1676 1319,
954 1644 974 1673 1,
996 1653 1042 1668 nn.
1070 1652 1128 1677 793,
1152 1652 1224 1677 1213,

332 1685 366 1714 ΙΙ,
381 1693 427 1709 nn.
441 1685 501 1717 383,
518 1692 598 1718 1411:
616 1686 628 1698 “
641 1687 747 1710 nobilis
762 1687 842 1710 miles
856 1686 1013 1711 Tarabotus
1028 1687 1060 1711 de
1075 1686 1227 1711 Tarabotis

335 1726 348 1738 ¹¹
360 1727 392 1750 de
411 1727 594 1757 Anchona„),
615 1735 658 1751 ma
679 1727 793 1751 dovette
813 1728 951 1759 protrarsi
971 1735 1074 1751 ancora
1090 1736 1136 1759 per
1152 1730 1226 1758 qual-

332 1769 382 1793 che
401 1770 505 1801 giorno
526 1770 716 1798 ncll'ottobre.
736 1769 836 1801 poich'e
857 1770 882 1794 al
898 1778 980 1794 nome
994 1771 1037 1794 del
1052 1771 1199 1795 Tarabotti
1212 1771 1226 1796 c

333 1819 436 1836 ancora
466 1812 616 1836 intitolato
642 1820 679 1836 un
708 1813 852 1844 quaderno
879 1813 924 1836 dei
946 1814 1035 1840 silem„
1062 1822 1084 1837 a.
1108 1820 1182 1846 1319,
1206 1814 1225 1841 Ι,

334 1862 359 1877 n.
379 1852 428 1886 982
450 1861 504 1878 con
525 1855 721 1885 registrazioni
742 1855 788 1878 dal
809 1861 822 1878 2
845 1855 956 1878 ottobre
977 1856 1006 1878 in
1027 1856 1084 1886 poi.

422 1894 493 1920 ¹Cf.
522 1897 581 1920 Chr.
609 1904 676 1928 reg„
705 1897 734 1920 in
762 1897 827 1920 RR.
854 1897 891 1920 Il.
919 1897 979 1927 SS,
1004 1896 1104 1925 XVIII.
1131 1905 1225 1929 30-31:

335 1939 395 1962 Chr.
410 1940 510 1967 parm..
530 1937 598 1960 ediz.
618 1937 752 1965 Bonazzi,
767 1944 793 1969 p.
811 1936 867 1967 158,
882 1937 911 1961 ll.
932 1937 974 1961 i—(›
987 1945 1001 1961 e
1015 1937 1129 1964 TmAB..
1145 1939 1226 1962 JIem.

332 1982 373 2005 st..
393 1977 426 2006 11,
446 1984 505 2009 203.

420 2017 430 2034 ²
450 2020 499 2043 Sul
519 2019 689 2043 Tosabecchi
711 2021 732 2043 si
756 2020 823 2044 veda
844 2020 870 2044 la
892 2022 959 2044 nota
979 2027 1003 2051 3,
1024 2028 1050 2052 p.
1072 2028 1112 2052 79.

419 2059 431 2076 3
452 2060 561 2089 Questo
581 2064 715 2085 racconto
736 2062 809 2085 della
830 2062 977 2094 conquista
997 2062 1025 2085 di
1047 2061 1134 2094 Carpi
1155 2063 1226 2086 satta

332 2104 367 2127 da
385 2102 527 2126 Manfredi
541 2101 593 2125 Pio
608 2108 622 2124 e
635 2101 678 2125 dei
694 2103 755 2125 suoi
771 2101 870 2125 riflessi
885 2102 915 2125 in
932 2101 1051 2126 Modena
1066 2101 1080 2126 ὲ
1094 2103 1180 2126 anche
1194 2103 1224 2126 in

332 2146 388 2173 .1[.;
399 2152 442 2168 ma
454 2145 498 2168 nel
508 2144 664 2174 Pr1sciano‚
679 2152 706 2176 p.
717 2143 776 2175 366,
789 2143 894 2174 deriva,
907 2151 989 2168 senza
1000 2144 1106 2168 dubbio
1114 2145 1225 2174 alcuno⁷

333 2187 366 2211 da
386 2193 442 2210 una
462 2186 540 2210 fonte
561 2193 678 2209 comune
698 2186 744 2209 col
765 2188 864 2210 nostro
886 2187 1021 2210 cronista.

420 2229 428 2243 ⁴
448 2228 474 2252 S'
487 2228 602 2251 intenda
622 2228 671 2251 che
690 2228 712 2251 il
732 2227 814 2251 Della
834 2228 920 2251 Porta
940 2235 984 2251 era
1007 2235 1130 2252 massaro
1151 2229 1225 2252 della

333 2271 498 2294 fabbriceria
519 2270 563 2293 del
583 2270 706 2293 Duomo.

419 2312 429 2327 ⁵
446 2312 566 2336 intorno
587 2312 804 2336 all’interven'to
825 2312 853 2335 di
874 2311 940 2336 Gib.
960 2313 994 2336 da
1014 2311 1171 2344 Correggio
1192 2311 1226 2336 da

332 2353 382 2388 piu
395 2355 498 2388 pre-:isi
509 2355 655 2386 ragguagli
671 2354 692 2378 il
710 2355 770 2379 Chr.
780 2358 879 2385 parm„
896 2354 969 2379 ediz.
983 2355 1117 2384 Bonazzi,
1128 2362 1154 2386 p.
1168 2361 1226 2386 159,

333 2397 362 2421 ll.
390 2403 484 2429 15-27:
508 2398 520 2408 ‘⁵'
532 2397 573 2420 De
594 2404 686 2420 mense
716 2396 841 2420 octobris
867 2397 999 2420 dommus
1030 2396 1163 2420 Gibertus
1193 2397 1226 2420 de

335 2438 347 2449 ¹²
359 2437 476 2469 Corigia
487 2444 547 2461 cum
564 2437 648 2460 dictis
663 2437 779 2460 milibus
791 2437 845 2460 sibi
856 2437 931 2460 datis
943 2436 1032 2468 [dalla
1045 2437 1107 2469 lega
1117 2436 1225 2468 gueifa]

334 2479 386 2503 “se
405 2480 495 2503 movit
516 2480 549 2503 de
568 2479 699 2503 Bononia
718 2483 746 2503 et
765 2479 874 2510 incepit
895 2480 991 2503 venire
1011 2487 1107 2503 versus
1134 2482 1227 2511 partes

334 2521 347 2533 “
360 2523 437 2551 istas,
449 2524 485 2551 et,
496 2529 556 2546 cum
570 2522 626 2545 fuit
641 2523 670 2545 in
681 2522 816 2545 teritorio
827 2521 860 2544 de
874 2520 970 2552 Carpi,
984 2523 1061 2553 rupit
1072 2523 1226 2545 exercitum

335 2564 484 2596 “peditum
505 2564 726 2591 Mutinensiurm
747 2564 787 2587 ita
808 2564 882 2594 quod
903 2564 936 2587 de
949 2564 1013 2596 ipso
1027 2565 1152 2587 exercitu
1167 2563 1226 2587 Mu-

335 2608 346 2618 “
358 2606 482 2630 tinenses
502 2605 658 2637 affugerunt
677 2606 762 2637 rupti,
777 2605 942 2629 dimitentes
957 2606 998 2629 ibi
1013 2612 1109 2629 arnese
1123 2613 1226 2631 eorum.

335 2647 404 2671 “sed
427 2655 483 2671 non
504 2648 633 2680 permisit
652 2648 693 2671 eis
714 2647 815 2671 offendi
837 2655 852 2671 a
873 2648 940 2676 suis,
959 2647 1018 2670 imo
1043 2647 1122 2680 ipsos
1159 2647 1226 2670 fecit

335 2690 346 2702 ¹·
357 2690 477 2714 evadere
497 2693 527 2714 ut
545 2690 609 2722 plus
628 2689 732 2722 potuit.
769 2689 874 2713 Verum
894 2689 950 2713 fuit
970 2689 1045 2721 quod
1066 2690 1136 2713 certi
1149 2691 1224 2720 capti

293 2744 302 2748 -
336 2733 387 2757 “et
419 2733 512 2757 robati
541 2734 653 2757 fuerunt
681 2741 697 2756 a
725 2733 812 2757 dictis
841 2733 963 2757 soldatis
993 2734 1082 2765 ipsius
1115 2733 1225 2756 domini

336 2775 348 2786 ‘⁴'
360 2773 481 2804 Giberti,
492 2778 520 2799 et
531 2776 591 2807 ipse
606 2776 738 2799 dominus
752 2774 887 2799 Gibertus
903 2776 970 2799 fecit
985 2776 1074 2806 accipi
1088 2781 1226 2811 mangana

336 2817 575 2848 ⁴¹Mutinens1um,
595 2824 647 2849 que
667 2817 710 2841 ibi
728 2819 817 2847 erant,
837 2819 865 2841 et
884 2816 953 2841 iecit
973 2817 1024 2841 illa
1047 2817 1167 2840 conduci
1193 2815 1227 2840 ad

337 2864 347 2871 ¹⁴
360 2862 463 2883 terram
477 2867 555 2883 suam
568 2859 602 2883 de
623 2859 750 2891 Corigia.
787 2859 822 2883 Et
836 2866 934 2883 omnes
948 2859 1124 2883 Mutinenses
1137 2860 1228 2890 partis

335 2902 348 2914 ¹¹
358 2902 482 2930 ecclesie,
502 2903 550 2933 qui
569 2905 651 2926 erant
669 2904 748 2925 extra
768 2901 917 2932 Mutinam,
932 2903 990 2925 tam
1005 2901 1051 2924 illi
1065 2901 1098 2924 de
1111 2900 1228 2928 Saxoio,

336 2943 504 2976 “Raugoni,
525 2943 658 2973 Garsoni,
677 2951 760 2975 quam
779 2945 831 2968 alii
858 2951 964 2972 omnes,
991 2943 1117 2967 fecerunt
1142 2950 1226 2967 unam

336 2992 346 2999 ““
360 2990 467 3020 partem
488 2990 515 3011 et
535 2987 761 3011 coniurationem
775 2994 838 3011 cum
851 2986 987 3019 predictis
1000 2986 1091 3019 partis
1106 2985 1228 3018 imperii,

1284 1644 1297 1655 ‘¹
1307 1646 1354 1675 qui
1367 1647 1447 1669 erant
1460 1645 1491 1668 in
1506 1644 1611 1676 Carpo,
1625 1644 1701 1676 quod
1714 1645 1828 1676 quidem
1849 1644 2016 1669 admirabile
2029 1644 2175 1676 apparu1t;

1284 1686 1296 1698 ⁸‘
1308 1686 1338 1709 in
1359 1689 1496 1717 quantum
1517 1694 1580 1711 vere
1601 1686 1678 1711 dicta
1693 1687 1832 1710 comixtio
1845 1687 1944 1710 durare
1964 1687 2080 1711 debebat
2094 1686 2176 1717 igno-

1282 1729 1294 1741 “
1306 1728 1427 1752 rabatur.
1464 1728 1500 1752 Et
1519 1729 1607 1752 multa
1622 1730 1720 1761 peiora
1733 1729 1898 1752 habuissent
1911 1730 1978 1752 tunc
1992 1728 2176 1755 Mutinenses,

1284 1770 1363 1793 “nisi
1385 1771 1459 1801 quod
1479 1771 1711 1800 recordaverunt,
1731 1772 1759 1794 et
1779 1771 1808 1794 in
1830 1771 1920 1794 oculis
1941 1771 2078 1794 miserunt
2098 1769 2175 1793 dicto

1284 1810 1425 1833 “domino
1445 1809 1564 1833 Giberto
1585 1810 1658 1841 quod
1679 1810 1736 1842 ipsi
1755 1812 1836 1834 erant
1856 1811 1899 1833 illi
1920 1812 1947 1833 et
1966 1809 2017 1833 ille
2042 1810 2174 1842 populus,

1282 1850 1294 1861 ³
1306 1851 1354 1882 qui
1369 1851 1480 1875 fuerant
1493 1852 1523 1875 in
1539 1853 1598 1875 eius
1613 1852 1763 1875 servitium
1778 1852 1811 1876 ad
1826 1853 1981 1876 exercitum
1995 1851 2028 1875 de
2041 1851 2148 1875 Enzola
2160 1868 2173 1881 n

1282 1891 1326 1923 [19
1344 1894 1452 1924 giugno
1474 1892 1554 1924 1308;
1576 1893 1611 1917 cs.
1633 1894 1693 1917 Chr.
1710 1898 1807 1924 parm„
1829 1901 1876 1926 pp.
1892 1893 2016 1925 107·¹09i
2039 1891 2176 1924 “quando

1282 1934 1293 1944 ⁴⁴
1308 1934 1345 1956 ibi
1368 1934 1531 1958 Parmenses
1552 1935 1628 1966 rupti
1651 1934 1780 1962 suerunt;
1800 1936 1828 1958 et
1847 1934 1882 1958 ob
1903 1935 1957 1959 hoc
1977 1934 2111 1958 dominus
2127 1933 2175 1959 Gi-

1282 1975 1399 1999 “bertus
1420 1983 1476 1999 non
1498 1977 1627 2008 permisit
1642 1976 1681 1999 eis
1702 1976 1806 2000 offendi
1825 1983 1841 1999 a
1856 1976 1950 2008 suis‘„.
1987 1974 2031 1999 Cf.
2053 1975 2140 2000 anche
2154 1975 2175 1999 il

1283 2018 1342 2041 Chr.
1359 2026 1426 2049 reg„
1439 2019 1467 2042 in
1480 2019 1544 2043 RR.
1558 2018 1597 2041 Il.
1611 2017 1671 2045 SS,
1686 2018 1787 2047 XVffl,
1802 2024 1849 2050 31:
1866 2019 1877 2030 ‘⁴
1891 2018 1933 2041 De
1943 2024 2036 2042 mense
2050 2017 2175 2042 octobris

1283 2059 1361 2083 “ivit
1380 2061 1520 2084 exercitus
1540 2060 1748 2083 Mutinensium
1769 2060 1901 2092 Carpum,
1921 2059 1998 2090 quod
2019 2067 2048 2083 se
2069 2060 2136 2091 [sibi
2151 2059 2172 2091 ἒ]

1284 2102 1492 2125 “rebellaverat
1520 2101 1671 2125 Manrreuo
1700 2101 1906 2133 [Manrredusi]
1936 2102 1968 2125 de
1997 2101 2066 2132 Piis,
2092 2104 2121 2126 et
2144 2102 2174 2126 in

1284 2143 1419 2167 “Mutina
1440 2151 1497 2167 non
1517 2145 1597 2168 erant
1617 2143 1709 2175 aliqui
1729 2143 1850 2173 nobiles,
1877 2145 1931 2167 nisi
1957 2143 1983 2168 d.
2009 2143 2176 2168 Franciscus

1284 2186 1340 2210 “cle
1361 2187 1387 2209 la
1407 2186 1578 2214 Mirandula,
1599 2187 1666 2217 quia
1686 2194 1782 2210 omnes
1796 2187 1876 2210 erant
1896 2187 2000 2215 exuleS,
2021 2188 2078 2210 tam
2091 2186 2176 2218 guelfi

1284 2232 1295 2239 ⁴·
1307 2235 1389 2258 quam
1409 2227 1550 2259 g.beliini.
1589 2227 1623 2250 Et
1644 2228 1670 2252 d.
1690 2227 1856 2251 Passarinus
1876 2227 1955 2251 dedit
1973 2227 2034 2250 illis
2054 2228 2087 2251 de
2106 2228 2175 2256 Piis,

1284 2269 1295 2281 ‘¹
1308 2269 1341 2293 de
1360 2268 1495 2292 Gorzano
1514 2272 1541 2292 et
1562 2270 1594 2293 de
1614 2268 1743 2301 Magreto
1762 2272 1860 2300 gentes
1881 2271 1911 2293 ut
1931 2269 2035 2292 bellum
2052 2270 2176 2294 facerent

1284 2314 1294 2323 ⁴⁴
1307 2311 1527 2341 Mutinensibus,
1546 2314 1573 2335 et
1593 2311 1673 2335 dedit
1686 2312 1726 2335 eis
1740 2311 1769 2334 in
1784 2311 1963 2343 capitaneum
1977 2309 2174 2336 Guidinellum

1283 2354 1296 2366 “
1307 2354 1340 2376 de
1361 2353 1570 2381 Montecuculo‚
1589 2353 1733 2376 hominem
1746 2353 1924 2376 bellicosum.
1962 2352 2067 2376 Eodem
2082 2360 2175 2377 mense

1282 2395 1294 2407 ‘¹
1307 2396 1331 2418 d.
1352 2394 1486 2418 Gibertus
1500 2394 1533 2418 de
1547 2393 1681 2426 Corrigia
1695 2396 1774 2418 venit
1788 2395 1821 2418 de
1835 2395 1956 2418 Thuscia
1971 2401 2032 2418 cum
2047 2396 2175 2419 octocen-

1284 2440 1295 2448 ‘¹
1308 2440 1366 2460 tum
1385 2437 1529 2468 equitibus
1549 2439 1576 2460 et
1596 2438 1717 2461 removit
1737 2438 1890 2460 exercitum
1912 2444 1926 2460 a
1948 2436 2056 2469 Carpo;
2076 2439 2174 2469 postea

1283 2480 1444 2504 “transivit
1464 2480 1571 2503 Padum
1591 2487 1645 2503 ecc.
1659 2496 1682 2510 „.

1369 2520 1379 2536 ὃ
1399 2521 1439 2546 La
1454 2522 1545 2545 chiesa
1559 2522 1603 2545 dei
1619 2521 1803 2546 Carmelitani
1821 2521 1848 2545 su
1864 2524 1951 2545 eretta
1966 2523 1995 2544 in
2010 2529 2046 2545 un
2062 2523 2174 2545 terreno

1282 2564 1354 2587 della
1375 2564 1540 2596 parroechia
1561 2564 1588 2587 di
1615 2571 1663 2587 san
1688 2562 1833 2587 Giovanni
1856 2563 1977 2587 Vecchio
2003 2564 2174 2595 dipendente

1281 2606 1448 2630 dall'abazia
1460 2607 1486 2629 di
1501 2614 1548 2630 san
1562 2606 1670 2634 Pietro;
1685 2606 1758 2629 oncle
1771 2613 1803 2629 ne
1817 2612 1892 2629 sorse
1903 2612 1959 2629 una
1969 2606 2174 2636 controversia,

1282 2651 1427 2679 composta
1449 2648 1468 2671 il
1491 2655 1522 2679 29
1543 2648 1681 2672 dicembre
1698 2654 1764 2678 1319
1778 2655 1830 2670 con
1845 2648 1977 2671 sentenza
1992 2647 2036 2671 dei
2052 2654 2172 2672 vescovo

1282 2690 1312 2714 di
1330 2690 1460 2716 Modena.
1480 2690 1529 2714 che
1550 2688 1711 2721 assoggetto
1732 2691 1739 2712 i
1761 2689 1946 2713 Carmelitani
1962 2689 1988 2712 al
2002 2692 2171 2721 pagamento

1282 2733 1310 2756 di
1333 2739 1368 2755 uu
1390 2739 1498 2756 canone
1518 2735 1699 2764 temporaneo
1719 2731 1842 2762 (Tum-B„
1862 2732 1944 2755 lvlem.
1964 2734 2005 2759 st.,
2025 2731 2071 2762 111,
2100 2730 2173 2763 233)-

1283 2774 1417 2798 Antelmo
1438 2774 1568 2806 Cagnoli,
1588 2774 1617 2797 di
1638 2781 1692 2797 una
1714 2773 1843 2805 fumiglia
1864 2773 2011 2797 modenese
2030 2773 2080 2797 che
2092 2773 2174 2798 altri-

1283 2818 1369 2840 menti
1391 2816 1420 2840 su
1441 2818 1515 2840 detta
1537 2816 1581 2840 dei
1600 2816 1734 2843 Zancani,
1755 2822 1800 2838 era
1818 2815 1939 2846 giudice,
1953 2814 2027 2839 testo
2042 2815 2088 2839 nel
2104 2822 2171 2848 1333

1283 2866 1296 2882 e
1316 2857 1387 2882 mori
1408 2860 1438 2883 in
1459 2858 1638 2890 quell‘anno:
1658 2857 1694 2882 cf.
1713 2856 1746 2881 G.
1767 2857 1904 2881 Baaroxx
1923 2865 1937 2881 e
1955 2857 1986 2882 E.
2006 2858 2035 2882 P.
2055 2858 2172 2886 anu,

1286 2902 1303 2924 I
1318 2901 1401 2924 codici
1420 2902 1449 2924 de·
1461 2909 1494 2924 un
1508 2901 1605 2924 medico
1619 2900 1761 2927 modenese,
1775 2899 1805 2923 in
1826 2899 1911 2923 Atti
1930 2906 1944 2923 e
1957 2899 2052 2924 Mem.
2072 2899 2130 2924 del
2140 2900 2148 2923 l
2158 2907 2172 2924 a

1282 2943 1364 2975 Dep.
1385 2944 1410 2966 (l.
1431 2946 1470 2966 st.
1492 2950 1522 2974 p.
1544 2949 1605 2974 per
1630 2942 1663 2965 le
1688 2948 1785 2973 prov.
1813 2941 2014 2970 modenesi‚
2041 2943 2069 2973 5⁸
2094 2941 2173 2971 serie,

1283 2986 1340 3009 vol.
1358 2984 1407 3008 IV.

2203 561 2229 592 5

2205 824 2242 856 10

2203 1088 2241 1120 15

2204 1770 2237 1795 45

2205 1981 2238 2007 50

2204 2192 2234 2218 55

2203 2827 2237 2853 70
