2370 3603
74 597 92 630 5

55 852 91 882 10

55 1102 90 1134 15

54 1656 85 1673 10

53 1867 81 1891 ¹5

51 2075 84 2092 20

50 2279 81 2304 25

49 2696 80 2722 35

50 2908 84 2933 40

120 272 205 307 [ΑΛ.
227 273 424 307 1233-1235]
737 266 991 304 IOHANNIS
1021 267 1092 304 DE
1119 269 1337 305 BAZANO

204 399 373 431 Dominus
394 399 575 431 Rolandus
593 397 724 441 Ugonis
741 397 856 430 Rubei
874 398 916 430 de
934 397 1057 430 Parma
1073 397 1228 431 Potestas
1252 399 1407 432 Mutinae
1434 411 1467 431 m
1492 400 1692 445 M.ccxxxiij
1708 399 1726 432 ¹.
1751 400 1853 432 Dicto
1870 405 1953 431 tem-

116 459 201 490 pore
223 449 311 490 [per]
334 455 448 491 partes
470 449 637 487 Mutinae,
661 448 835 480 mediante
852 448 958 480 fratre
976 449 1122 481 Girardo
1139 449 1268 481 ordinis
1285 450 1464 488 minorum,
1482 461 1598 483 omnes
1621 461 1727 493 paces
1745 450 1954 492 compositae

117 504 150 530 et
174 499 287 531 factae
311 506 389 531 sunt
413 506 447 532 et
470 509 587 531 omnes
610 499 670 542 qui
694 500 832 531 fuerant
856 499 889 529 in
913 498 1028 532 banno
1053 499 1216 532 Comunis
1232 500 1388 533 Mutinae
1407 512 1611 544 quacunque
1630 503 1673 534 de
1690 512 1793 534 causa
1811 500 1953 532 extracti

118 549 257 581 fuerunt
281 556 419 592 praeter
442 557 588 593 quatuor
610 551 666 581 vel
690 550 858 592 quinque3
884 555 917 581 et
934 556 1013 582 tunc
1029 550 1288 592 praedicantiae
1312 552 1437 583 multae
1456 552 1594 584 fuerunt
1607 552 1628 584 ².
1676 552 1778 584 Dicto
1802 558 1953 592 tempore

117 610 221 640 paces
244 600 415 638 Veronae,
440 602 587 639 Brixiae,
612 601 787 637 Mantuae,
812 599 962 638 Paduae,
987 600 1148 638 Tarvisfi,
1172 600 1356 633 Vicentiae
1381 602 1577 635 celebratae
1605 609 1639 634 et
1671 603 1784 634 factae
1816 601 1955 633 fuerunt

117 649 152 680 in
176 649 373 692 Campanea
395 652 556 684 Veronae
580 662 643 693 per
666 651 808 683 fratrem
831 650 1025 692 Johannem
1051 651 1183 683 ordinis
1206 652 1486 694 praedicatorum
1499 652 1520 685 ³.

204 700 372 733 Dominus
388 701 547 734 Andreas
563 701 687 744 Jacobi
706 702 748 732 de
766 699 907 732 Perusio
924 699 1079 733 Potestas
1095 701 1251 733 Mutinae
1267 702 1303 733 in
1320 702 1531 746 M.ccxxxiiij
1547 703 1568 736 4.
1594 704 1765 746 Tempore
1781 701 1957 744 regiminis

115 750 266 783 eiusdem
289 752 355 784 fuit
385 753 553 794 proelium
578 763 739 795 magnum
771 751 815 782 de
840 751 1032 795 Covenolta
1062 752 1152 783 inter
1175 751 1455 785 Mediolanenses
1486 760 1519 785 et
1552 755 1748 786 Brixienses
1779 763 1856 784 cum
1887 751 1957 782 suis

115 801 340 843 complicibus
364 803 560 835 civitatibus
583 813 625 833 ex
649 811 716 834 una
740 807 838 843 parte
867 807 900 832 et
933 801 1193 839 Cremonenses,
1225 801 1436 841 Parmenses‚
1469 803 1668 846 Papienses,
1700 804 1892 847 Regienses
1923 809 1957 833 et

115 851 330 884 Mutinenses
352 863 395 885 ex
418 854 486 885 alia
507 859 605 895 parte
619 853 639 884 ⁵.
688 853 733 884 Et
758 852 852 883 dicto
877 857 1030 892 tempore
1063 852 1299 884 Bononienses
1323 854 1502 896 fregerunt
1524 861 1679 898 treugam
1703 852 1956 886 Mutinensibus

114 902 290 934 venientes
313 905 405 945 apud
429 904 603 947 Bacanum
629 914 707 935 cum
731 901 870 935 carocio
894 912 954 933 suo
971 902 1065 933 etad
1082 902 1246 934 Sanctum
1270 904 1444 948 ‚Cesarium
1470 905 1562 946 quod
1586 905 1846 937 combusserunt
1864 902 1956 944 apud

116 952 239 984 festum
263 954 372 985 sancti
396 953 522 991 Petri⁶3
548 961 582 986 et
607 955 702 986 dicto
726 960 880 994 tempore
904 953 1098 993 proditores
1122 953 1297 995 Fregnani
1322 954 1594 987 Bononiensibus
1619 954 1861 998 [Fregnanum]
1890 959 1957 984 tra-

115 1002 277 1035 diderunt
289 1003 310 1035 ⁷.
357 1005 401 1036 Et
426 1005 519 1037 dicto
544 1011 698 1046 tempore
723 1004 789 1035 fuit
813 1010 882 1034 tam
899 1013 1058 1045 magnum
1076 1004 1186 1045 celum
1205 1005 1300 1046 quod
1315 1005 1473 1036 homines
1496 1006 1592 1038 ibant
1610 1006 1652 1037 de
1670 1006 1833 1037 Veneciis
1849 1014 1955 1045 usque

114 1051 265 1085 Paduam
292 1061 325 1086 et
349 1055 542 1087 Tarvisium
566 1066 668 1097 super
691 1054 823 1098 glaciis.

203 1105 370 1136 Dominus
393 1106 587 1138 Bartolinus
611 1105 845 1137 Tabemerius
862 1104 905 1135 de
922 1104 1047 1135 Parma
1063 1103 1217 1136 Potestas
1232 1105 1387 1137 Mutinae
1405 1106 1466 1147 [in]
1483 1106 1669 1138 M.ccxxxv
1683 1107 1704 1138 ³.
1752 1107 1854 1138 Dicto
1871 1111 1957 1137 tem-

116 1164 199 1195 pore
224 1155 317 1187 facta
340 1157 406 1188 fuit
430 1157 535 1189 taiata
558 1157 651 1198 apud
676 1156 911 1198 Savignanum
935 1164 996 1196 per
1018 1154 1258 1187 Mutinenses⁹
1266 1168 1274 1193 3
1301 1163 1335 1188 et
1362 1163 1508 1189 castrum
1532 1157 1700 1200 Monconi
1724 1168 1759 1188 se
1791 1155 1957 1188 revelavit

205 1254 227 1272 1.
246 1248 389 1274 Rolandus
407 1250 523 1282 Vguccij
542 1251 630 1275 Rubei
650 1250 699 1278 A,
718 1249 778 1274 Rol.
798 1248 868 1273 Rub.
888 1247 965 1271 MUR.
985 1261 1017 1265 —
1034 1254 1086 1278 1-4.
1101 1248 1251 1272 Dicto....
1271 1250 1372 1274 multae
1390 1249 1511 1280 fuerunt,
1525 1258 1572 1274 om.
1594 1250 1671 1274 Mun,
1687 1264 1718 1267 —-
1738 1256 1762 1281 3.
1776 1250 1822 1283 qui
1843 1249 1958 1273 fuerunt

116 1289 145 1312 in
164 1289 266 1313 damno
286 1290 329 1319 A„
350 1292 395 1315 Cr.
415 1291 468 1321 (ma
486 1293 526 1316 M.
546 1293 595 1315 ha:
614 1290 719 1322 banno)
740 1305 771 1308 —-
792 1296 863 1321 7—13.
890 1290 1089 1321 Tempore....
1109 1290 1295 1317 tradiderunt.
1315 1292 1356 1320 Et,
1370 1299 1419 1315 om.
1440 1291 1517 1316 Mun.
1532 1306 1564 1309 —
1578 1292 1602 1316 8.
1622 1292 1780 1315 Zeuemalta
1798 1291 1846 1317 Aa
1866 1292 1957 1315 Reuo-

115 1330 198 1355 malta
220 1333 263 1356 Cr.
283 1346 315 1350 —
343 1339 383 1356 10.
409 1334 533 1365 treguam
555 1334 600 1358 Cr.
622 1347 653 1350 —
679 1339 718 1357 12.
744 1331 938 1356 Bononienses
963 1329 1139 1355 tradiderunt
1162 1331 1206 1361 A„
1229 1333 1272 1356 Cr.
1300 1345 1332 1348 —
1360 1339 1400 1364 13.
1420 1333 1547 1357 Venetiis
1567 1334 1612 1358 Cr.
1633 1347 1664 1351 —
1694 1341 1732 1365 14.
1753 1334 1836 1358 Teru.
1858 1333 1902 1356 Cr.
1923 1345 1955 1349 —

117 1376 190 1404 rg-p.
211 1378 252 1401 20,
273 1373 289 1397 l.
310 1380 334 1397 2.
353 1375 501 1398 Dicto....
520 1374 722 1406 proditoribus,
741 1381 789 1398 om.
810 1373 887 1397 Μυκ-
907 1385 939 1390 -
962 1371 1002 1396 16.
1022 1372 1166 1397 rebellauit
1186 1374 1231 1398 Cr.

113 1443 142 1467 di
162 1443 271 1467 Onorio
290 1444 330 1468 ΙΙΙ
350 1444 393 1468 del
416 1450 478 1476 1225
500 1444 599 1469 risulta
619 1445 644 1468 la.
664 1451 795 1477 presenza
808 1443 877 1468 nella
890 1441 960 1467 eitta
974 1443 1002 1466 di

113 1484 193 1508 molti
213 1485 330 1509 scolari:
352 1486 571 1518 probabilmente
584 1487 609 1510 Ie
622 1493 719 1519 guerre
739 1485 781 1510 del
798 1484 948 1516 1226-1229
960 1484 1004 1508 in-

113 1528 277 1559 terruppero
297 1527 324 1551 lo
344 1528 449 1557 studio,
469 1529 519 1552 che
539 1528 569 1552 fu
589 1528 635 1560 poi
656 1526 669 1539 ‘¹
682 1529 876 1560 recuperatum
887 1543 916 1557 7„
943 1524 1004 1550 0100

113 1568 264 1592 ristabilito
285 1576 301 1593 o
322 1570 464 1594 restituito
486 1571 527 1594 nel
548 1576 622 1601 1232,
642 1577 655 1594 e
669 1569 739 1594 duro
752 1569 868 1593 florente
883 1568 938 1592 fino
951 1568 1004 1592 8118

113 1607 185 1633 meta
204 1610 246 1634 del
266 1611 357 1635 secolo
377 1610 452 1640 XIII,
473 1612 519 1643 poi
539 1619 554 1635 a
570 1619 640 1644 poco
654 1619 671 1635 a
685 1618 756 1644 poco
772 1617 952 1643 scomparve3
966 1610 1003 1634 cf.

113 1652 186 1681 Tm„
208 1652 276 1676 Bibl.
297 1653 407 1681 moden„
427 1653 447 1682 1,
468 1660 556 1685 44-53.

201 1691 209 1708 ¹
229 1694 392 1719 Podesteria
406 1702 463 1718 non
477 1695 653 1720 confermata
667 1695 702 1719 da
715 1694 780 1718 altri
795 1694 970 1718 documenti:
985 1694 1004 1717 il

111 1735 195 1759 Rossi
208 1735 239 1759 t'u
254 1733 369 1768 podest&
383 1736 411 1760 di
426 1736 566 1761 Cremona
583 1743 656 1768 1224,
677 1737 705 1760 di
725 1737 790 1760 Pisa
807 1735 881 1764 1226,
895 1735 924 1760 di
939 1735 1003 1759 Asti

114 1782 188 1807 1230,
203 1777 232 1801 di
251 1777 359 1801 Rimini
383 1784 449 1810 1²34
463 1786 477 1802 e
497 1778 525 1802 di
546 1778 659 1803 Firenze
677 1777 758 1809 12363
778 1785 793 1801 e
812 1777 822 1800 i
841 1777 1003 1801 documenti

111 1817 267 1841 cremonesi
280 1816 374 1842 danno
390 1819 403 1831 “
413 1818 554 1843 Rolandus
574 1819 607 1843 de
620 1820 718 1852 Vgone
729 1819 823 1843 Rubeo
835 1836 847 1847 „
867 1816 889 1841 si
908 1818 960 1842 che
977 1818 1003 1841 10

111 1860 196 1883 stesso
211 1867 293 1884 nome
312 1861 431 1892 paterno
452 1859 467 1884 ὲ
487 1862 562 1884 stato
583 1861 724 1884 restituito
744 1861 787 1884 nel
808 1862 907 1884 nostro
921 1861 1002 1884 testo.

199 1899 208 1915 ²
235 1901 339 1929 Questa
369 1902 567 1935 pacificazione
591 1903 737 1927 modenese
765 1901 778 1926 ὲ
805 1902 876 1926 assai
903 1902 1003 1934 proba-

110 1940 242 1964 bilmente
254 1941 290 1965 da
302 1941 464 1973 ricouegare
475 1949 491 1965 a
505 1942 695 1974 predicazioni
709 1942 738 1966 di
752 1941 796 1966 fra
810 1941 954 1966 Giovanni
969 1941 1004 1965 da

111 1982 240 2011 Vicenza,
260 1984 305 2006 tra
324 1983 343 2006 il
363 1983 475 2015 maggio
495 1991 509 2007 e
528 1983 547 2007 il
567 1983 690 2015 giugnog
710 1990 766 2007 una
786 1983 855 2007 delle
873 1982 947 2014 quali
972 1982 1004 2006 fu

110 2025 208 2048 tenuta
226 2023 271 2048 fra
292 2023 486 2048 Castelfraneo
506 2032 520 2048 e
541 2024 636 2049 Castel
655 2025 750 2048 Leone
777 2024 823 2055 (cf.
851 2025 1003 2053 Bormum,

111 2073 158 2088 nn.
181 2071 265 2097 13134
277 2075 303 2095 a,
325 2072 406 2097 13135
419 2070 455 2093 a).
492 2066 594 2090 infatti
608 2066 674 2090 deve
692 2073 780 2090 essere
793 2066 934 2090 anteriore
951 2065 1004 2089 alla

111 2107 163 2131 tine
182 2107 211 2131 di
230 2108 325 2140 luglio,
352 2109 380 2131 in
400 2108 445 2131 cui
465 2108 487 2132 il
510 2107 693 2132 francescano
716 2108 862 2132 modenese
882 2106 925 2131 fira
951 2107 1004 2131 Ge-

110 2149 192 2173 rardo
213 2149 397 2173 Boccabadati
417 2148 500 2180 passo
514 2157 530 2173 8
543 2150 644 2173 Parma
656 2157 673 2174 8
686 2149 829 2181 pacificare
848 2149 936 2181 quella
954 2149 1006 2173 cit-

110 2190 261 2215 tadinanza
273 2189 317 2222 (cf.
332 2191 406 2218 Tm..
426 2191 511 2214 Deib.
531 2191 609 2215 Gher.
624 2192 754 2222 Rangoni
766 2199 779 2214 e
800 2191 879 2215 Gher.
894 2191 1003 2215 Boccah.

110 2231 140 2253 di
156 2231 280 2261 lllodena,
293 2232 482 2256 dissertaziono
501 2232 572 2255 edila
585 2237 639 2263 per
657 2240 720 2256 cura
740 2233 770 2255 di
786 2233 816 2256 L.
837 2233 934 2262 Maini,
959 2240 1004 2256 con

110 2273 244 2297 addizioni
260 2274 374 2298 relative
398 2275 530 2304 spect'alm.
550 2275 607 2298 alla
632 2276 690 2298 vita
716 2275 761 2298 del
782 2275 805 2298 b.
837 2275 886 2299 Gk.
914 2276 1003 2303 Bocc„

111 2314 240 2344 Modena,
263 2314 348 2346 1851).

197 2354 208 2371 3
228 2357 325 2381 Laudo
345 2357 374 2381 di
394 2357 438 2381 fra
457 2357 602 2382 Giovanni
622 2359 657 2382 da
678 2359 797 2383 Vicenza
817 2366 864 2391 per
883 2359 908 2382 la
929 2359 1004 2391 paci-

110 2397 243 2423 ficazione
263 2399 332 2424 delle
350 2400 403 2424 due
429 2400 503 2432 parti
530 2400 558 2424 di
586 2401 706 2429 Verona,
734 2400 921 2433 pronunciato
949 2401 1004 2424 “in

111 2440 123 2452 ‘¹
135 2439 296 2473 Campanea
323 2441 451 2465 Veronae
478 2448 574 2466 versus
604 2442 758 2470 Mantuam,
786 2442 865 2466 iuxta
890 2441 1002 2466 fluvium

111 2481 124 2494 α
135 2481 250 2505 Athesis
261 2501 274 2514 η
286 2482 305 2505 il
315 2481 410 2507 lunedi
421 2489 454 2513 29
464 2485 563 2515 agosto
577 2490 641 2515 1²33
654 2484 683 2506 in
696 2484 782 2513 Mun„
796 2482 868 2513 Ant„
879 2483 927 2513 IV,
941 2483 1004 2515 641-

109 2522 160 2554 643
171 2532 176 2546 :
189 2530 237 2555 per
249 2525 346 2555 questa
359 2532 373 2548 e
386 2524 454 2548 altre
468 2525 531 2557 paci
545 2525 581 2548 cf.
597 2526 748 2554 BonHMER,
760 2533 808 2549 nn.
823 2531 904 2557 13145
917 2533 934 2549 a
947 2532 1003 2558 agg.

200 2563 210 2578 ⁴
229 2565 294 2588 Non
314 2565 337 2589 si
361 2565 457 2589 hanno
478 2566 640 2590 documenti
660 2566 689 2590 di
715 2568 811 2598 questa
830 2566 1004 2598 podesteria:

111 2604 178 2638 pero
197 2607 227 2630 in
247 2607 300 2631 due
318 2607 370 2631 atti
391 2607 514 2639 pubblici
529 2608 571 2632 del
587 2614 652 2639 1234
673 2608 756 2639 (RE,
776 2616 823 2631 nn.
840 2609 896 2639 148,
914 2613 971 2639 149)
991 2606 1006 2632 e

111 2650 237 2679 presente
256 2648 300 2673 fra
320 2649 329 2672 i
343 2648 490 2672 testimoni
505 2650 518 2662 “
529 2649 559 2672 in
572 2649 680 2680 palatio
694 2650 782 2673 veteri
794 2667 807 2680 n
821 2650 910 2674 anche
925 2650 938 2663 ‘⁴
951 2649 1004 2674 dfxo

111 2689 124 2702 “
135 2690 250 2714 Andrea
261 2690 359 2722 Jacopi
371 2708 394 2721 m
407 2691 456 2715 che
470 2698 517 2715 era
530 2691 576 2715 dei
593 2691 797 2721 Montemelini,
808 2693 882 2716 stato
895 2690 942 2722 gia
956 2699 1005 2724 po-

110 2729 188 2755 desta
202 2739 216 2755 a
229 2732 349 2762 Perugia
368 2732 412 2756 nel
426 2732 492 2757 1218
502 2739 516 2755 0
526 2740 543 2757 a
555 2733 671 2757 Firenze
681 2733 726 2757 nel
740 2740 769 2757 12
777 2733 808 2758 28
818 2741 832 2757 e
846 2738 920 2763 ¹23²·
941 2734 1004 2757 Una

111 2780 186 2805 perg.
208 2772 238 2797 16
258 2773 370 2798 ottobre
393 2780 460 2805 1234
474 2774 570 2804 (Arch.
591 2774 620 2797 di
639 2774 719 2798 Stato
733 2775 762 2798 di
782 2775 909 2804 Modena,
930 2783 1004 2798 mon.

111 2814 334 2844 Sant’Eufemia)
362 2814 398 2839 da
422 2815 442 2838 il
469 2822 550 2839 nome
576 2816 620 2839 del
646 2823 695 2839 suo
721 2816 833 2848 giudice
859 2815 1004 2841 Giovanni

112 2855 240 2880 d‘Assisi.

199 2898 209 2914 5
228 2900 268 2924 La
286 2900 422 2933 battaglia
442 2901 471 2925 di
491 2901 654 2931 Genivolta,
673 2902 722 2926 lat.
738 2904 749 2914 ‘⁴
761 2902 917 2934 Covenolta
930 2922 959 2935 n=
974 2903 1005 2927 t'u

111 2942 131 2965 ii
150 2948 163 2973 3
183 2941 268 2973 luglio
291 2948 356 2974 1234
375 2942 456 2973 (Ann.
469 2943 544 2971 med„
559 2943 589 2967 in
605 2944 643 2967 ivl.
668 2944 710 2971 G„
731 2943 831 2973 xvm,
852 2951 920 2976 39²3
934 2945 1003 2969 Ann.

111 2986 202 3011 mant„
225 2983 276 3012 ivi,
295 2983 368 3013 XIX,
397 2991 445 3013 ²13
470 2984 539 3007 Arm.
565 2991 652 3013 crem„
678 2984 727 3014 ivi,
746 2985 846 3015 XXXI,
872 2986 919 3012 16:
946 2987 1004 3010 Lib.

110 3027 229 3056 tempora,
249 3025 297 3054 ivi,
318 3025 416 3055 XXXI,
438 3030 496 3055 510,
519 3027 580 3051 Chr.
598 3030 697 3057 pamm,
715 3035 741 3059 p.
766 3033 806 3058 xo,
824 3028 850 3053 u.
871 3029 904 3060 36
924 3029 1004 3060 seg.)-

1145 1441 1156 1457 ⁵
1175 1444 1216 1468 Ne
1235 1445 1308 1469 resta
1327 1453 1365 1469 un
1383 1446 1444 1470 atto
1464 1445 1493 1470 di
1512 1443 1654 1470 notorietix
1672 1445 1713 1470 del
1729 1453 1743 1476 4
1763 1445 1848 1478 luglio
1868 1445 1950 1476 (RH,

1059 1493 1086 1509 n.
1110 1491 1173 1516 1923
1194 1486 1280 1512 Mun„
1300 1487 1375 1516 Ant„
1393 1487 1440 1516 IV,
1461 1487 1605 1519 389·390):
1621 1487 1707 1512 “cum
1722 1487 1898 1511 Mutinenses
1911 1493 1952 1511 es-

1059 1525 1072 1538 “
1085 1528 1147 1551 sent
1157 1527 1187 1551 in
1199 1528 1316 1552 servitio
1332 1528 1565 1553 Cremonensium
1579 1530 1614 1554 ad
1629 1529 1834 1554 defendendum
1848 1530 1951 1553 terram

1060 1568 1073 1581 ‘¹
1085 1567 1232 1599 Cremone,
1242 1577 1293 1602 que
1303 1571 1500 1595 devastabatur
1510 1578 1526 1595 a
1538 1571 1802 1601 Mediolanensibus,
1816 1571 1953 1595 venerunt

1059 1610 1129 1635 “die
1149 1612 1346 1644 prenominato
1368 1614 1563 1638 Bononienses
1581 1621 1646 1638 cum
1671 1614 1782 1638 carotio
1808 1613 1882 1645 apud
1907 1620 1953 1637 ca-

1059 1652 1171 1677 “strum
1190 1654 1310 1678 Badiani
1330 1656 1357 1678 et
1376 1657 1530 1685 posuerunt
1547 1656 1688 1680 carotium
1708 1656 1737 1679 in
1753 1655 1816 1688 ripa
1829 1654 1953 1680 Samotie

1058 1695 1071 1707 “
1082 1695 1112 1718 in
1131 1695 1194 1718 loco
1214 1695 1261 1719 ubi
1280 1696 1387 1720 dicitur
1405 1697 1481 1721 Pons
1500 1697 1597 1722 Sancti
1611 1697 1687 1721 Petri
1702 1697 1731 1721 in
1745 1697 1878 1722 districtu
1892 1697 1953 1721 Mu·
1985 1707 1994 1712 -

1060 1736 1142 1760 “tine
1162 1744 1248 1769 prope
1267 1740 1397 1768 castrum,
1418 1740 1446 1762 et
1466 1739 1604 1772 impeturn
1624 1739 1751 1763 fecerunt
1769 1739 1805 1763 ad
1827 1739 1951 1763 castrum

1059 1778 1202 1802 “Badiani
1222 1780 1249 1802 et
1269 1779 1432 1804 inciderunt
1452 1781 1550 1804 vineas
1577 1782 1605 1805 et
1630 1781 1831 1805 comburerunt
1856 1780 1952 1804 blavns

1059 1819 1228 1843 “hominum
1248 1820 1318 1844 dicti
1338 1822 1425 1845 castri
1446 1823 1474 1846 et
1493 1824 1607 1855 tegetes.
1634 1824 1663 1846 et
1681 1822 1785 1846 ibidem
1805 1822 1952 1846 ballistarii

1059 1861 1210 1885 “Bononie
1231 1869 1292 1885 cum
1314 1862 1493 1895 balistarii[s]
1514 1864 1584 1888 dicti
1603 1865 1689 1888 castri
1709 1872 1725 1888 a
1753 1864 1843 1888 media
1869 1864 1952 1887 tertia

1059 1903 1167 1934 “usque
1186 1905 1221 1927 ad
1241 1905 1339 1928 horam
1359 1907 1466 1929 sextam
1486 1906 1600 1930 fortiter
1620 1907 1803 1938 sagittarunt.
1822 1907 1849 1929 et
1862 1913 1894 1929 eo
1909 1906 1953 1930 die

1058 1944 1195 1969 “iverunt
1215 1946 1250 1969 ad
1269 1948 1393 1970 castrum
1413 1947 1510 1971 Sancti
1531 1947 1641 1980 Gesarii
1661 1956 1725 1971 cum
1745 1947 1856 1972 carotio
1871 1949 1899 1971 et
1912 1947 1950 1971 ibi

1059 1985 1072 1998 “
1084 1985 1203 2010 fixerunt
1222 1987 1348 2011 tentoria
1367 1989 1396 2011 et
1415 1988 1616 2012 comburerunt
1637 1988 1746 2013 dictum
1763 1989 1888 2012 castrum
1901 2005 1922 2018 ,‚.

1146 2025 1156 2041 7
1177 2027 1271 2051 L’atto
1291 2028 1361 2053 della
1386 2030 1515 2054 cessione
1540 2030 1582 2054 del
1608 2030 1751 2062 Frignano
1777 2037 1793 2053 a
1818 2030 1952 2062 Bologna,

1057 2070 1129 2094 t'atta
1149 2070 1194 2094 dai
1215 2071 1340 2095 cattanei
1360 2072 1432 2095 della
1451 2072 1566 2104 regione
1585 2072 1605 2096 il
1627 2079 1658 2103 19
1678 2073 1829 2096 novembre
1852 2079 1925 2104 1234.
1939 2071 1953 2096 ὲ

1057 2113 1087 2135 in
1108 2111 1237 2141 SAV10L1,
1257 2111 1337 2141 Ana„
1356 2121 1382 2136 n.
1402 2112 1468 2144 603:
1487 2112 1523 2138 ct.
1545 2114 1646 2144 Corpus
1665 2114 1718 2138 chr.
1737 2113 1829 2138 bonon.
1843 2113 1878 2141 11,
1896 2120 1952 2143 103.

1145 2151 1155 2167 ³
1175 2153 1281 2181 Questa
1290 2154 1450 2185 podesteria
1459 2153 1473 2179 e
1484 2155 1680 2179 documentata
1691 2156 1726 2179 da
1739 2156 1792 2179 due
1802 2155 1855 2180 atti
1868 2155 1952 2183 (ΗΒ,

1058 2202 1104 2217 nn.
1128 2194 1249 2226 195-196,
1269 2195 1457 2226 quest’ultimo
1476 2196 1507 2220 in
1528 2196 1602 2226 Tm„
1625 2197 1698 2226 Cod.,
1717 2205 1745 2220 n.
1771 2197 1837 2221 802:
1865 2197 1878 2209 “
1891 2196 1950 2220 Dr‘is

1059 2236 1071 2248 “
1083 2236 1229 2260 Bertholus
1248 2237 1354 2260 tabern.
1367 2240 1398 2266 υ).
1436 2238 1474 2262 Su
1500 2239 1539 2261 lui
1559 2237 1595 2262 cf.
1615 2238 1784 2263 SALIMBENB.
1802 2240 1832 2262 in
1852 2239 1892 2262 M.
1909 2238 1950 2264 G..

1060 2278 1174 2307 XXXII,
1195 2284 1253 2308 452,
1275 2277 1337 2307 603.

1145 2319 1155 2333 ²⁴
1174 2319 1220 2343 Gli
1240 2319 1308 2344 Arm.
1331 2321 1417 2344 Crem.
1438 2321 1468 2344 in
1488 2322 1529 2345 M.
1554 2322 1596 2349 G„
1619 2322 1718 2348 XXXI,
1739 2321 1815 2351 isi-17
1836 2329 1953 2346 1800011-

1058 2362 1125 2385 tuno
1143 2361 1195 2385 che
1214 2361 1234 2384 il
1254 2360 1369 2393 podest&
1383 2362 1411 2385 di
1427 2361 1566 2387 Cremona
1582 2364 1623 2387 nel
1639 2364 1750 2395 maggio
1768 2368 1831 2394 1335
1848 2362 1952 2387 mando

1059 2408 1110 2433 500
1128 2403 1262 2427 cavalieri
1277 2403 1330 2426 “in
1345 2404 1466 2427 servicio
1483 2405 1686 2429 Mutinensium
1700 2405 1746 2436 qui
1760 2411 1862 2436 aquam
1877 2405 1953 2429 Scol—

1058 2446 1144 2468 “tene
1162 2451 1247 2476 supra
1273 2446 1375 2469 terram
1402 2446 1622 2470 Bononiensium
1650 2447 1815 2470 derivarunt
1839 2448 1866 2470 et
1891 2447 1952 2470 loca

1059 2486 1175 2510 “eorum
1196 2486 1273 2518 plura
1294 2487 1518 2516 devastaverunt,
1538 2489 1641 2511 terram
1661 2489 1786 2520 ipsorum
1813 2489 1952 2512 hostiliter

1058 2528 1220 2551 “intrantes
1233 2528 1260 2551 et
1275 2534 1322 2559 per
1337 2527 1425 2560 plures
1440 2528 1497 2552 dies
1517 2529 1556 2552 ibi
1576 2530 1773 2553 conmorantes
1785 2538 1815 2560 ης
1835 2530 1854 2552 il
1870 2530 1952 2552 Mem.

1055 2572 1111 2597 pot.
1131 2569 1201 2599 Reg.
1221 2569 1251 2592 in
1271 2569 1335 2593 RR.
1357 2570 1395 2592 H.
1412 2569 1472 2598 δᾶ,
1494 2570 1567 2599 VIII,
1584 2572 1649 2595 1108
1663 2579 1677 2594 e
1692 2571 1710 2594 il
1725 2572 1783 2595 Lib.
1799 2572 1830 2595 de
1844 2574 1952 2601 tempor.

1059 2612 1087 2633 in
1108 2610 1148 2633 M.
1173 2610 1216 2639 G„
1235 2610 1334 2639 XXXI,
1355 2616 1422 2640 510.-
1444 2612 1498 2634 “eo
1517 2618 1593 2635 anno
1613 2612 1725 2635 iverunt
1744 2612 1907 2637 Parmenses
1927 2614 1953 2636 et

1059 2652 1071 2664 “
1085 2651 1292 2680 Cremonenses,
1307 2651 1463 2676 Placentini
1484 2653 1510 2676 et
1529 2653 1770 2678 Pontremolenses
1790 2655 1820 2677 in
1835 2654 1953 2678 servicio

1059 2693 1071 2705 “
1084 2693 1194 2717 Mutine
1211 2694 1246 2717 ad
1259 2694 1416 2718 cavandum
1437 2694 1604 2719 Scontenam
1624 2703 1708 2728 supra
1728 2696 1885 2720 Bononiam
1896 2704 1926 2726 „3
1941 2704 1954 2720 e

1058 2734 1078 2758 il
1094 2735 1270 2765 Chr.parm..,
1282 2735 1342 2759 ediz
1352 2735 1479 2763 Bonam,
1494 2742 1521 2766 p.
1538 2742 1577 2765 11,
1592 2736 1612 2761 1.
1625 2743 1656 2767 9:
1672 2738 1684 2749 ⁴‘
1695 2736 1752 2760 fuit
1765 2739 1864 2761 cavata
1877 2738 1954 2761 scot-

1059 2777 1071 2789 “
1084 2778 1148 2800 tena
1167 2783 1251 2800 causa
1270 2776 1431 2800 destruendi
1457 2778 1653 2808 episcopatum
1673 2779 1810 2808 Bononie,
1834 2779 1883 2803 sed
1901 2779 1953 2803 hoc

1060 2816 1137 2841 “fuit
1163 2818 1261 2849 potius
1286 2818 1315 2841 in
1341 2825 1435 2841 eorum
1460 2819 1652 2851 utilitatem„:
1678 2820 1751 2843 onde
1773 2827 1877 2852 appare
1898 2828 1956 2844 ma—

1059 2859 1162 2884 nifesto
1184 2861 1235 2884 che
1252 2861 1279 2884 la
1300 2860 1312 2873 “
1324 2861 1431 2891 taiata„
1459 2868 1555 2892 presso
1577 2862 1739 2894 Savignano
1758 2863 1782 2887 si
1800 2863 1837 2888 ha
1857 2863 1892 2888 da
1911 2864 1955 2887 in-

1059 2903 1170 2927 tendere
1190 2911 1236 2935 per
1263 2911 1300 2926 un
1321 2903 1407 2935 taglio
1434 2903 1506 2928 fat-to
1527 2904 1595 2928 sulla
1621 2905 1712 2929 destra
1732 2905 1773 2929 del
1798 2905 1909 2930 Panaro
1929 2907 1955 2930 al

1059 2944 1111 2968 tine
1130 2945 1158 2967 di
1178 2944 1258 2968 farne
1276 2951 1399 2968 scorrere
1417 2945 1441 2968 le
1466 2952 1553 2977 acque
1571 2947 1611 2969 sul
1638 2947 1781 2970 territorio
1808 2947 1955 2979 bolognese

1061 2986 1084 3016 (“
1092 2986 1217 3016 talenta„
1237 2987 1280 3009 nel
1298 2993 1378 3010 senso
1399 2987 1427 3010 di
1446 2988 1625 3012 eecavazione
1644 2988 1672 3011 di
1687 2996 1724 3012 un
1737 2995 1818 3013 corso
1839 2989 1954 3020 d’aequa

1058 3029 1072 3053 ὲ
1092 3030 1133 3054 1101
1152 3030 1199 3055 cit.
1215 3030 1370 3061 illem.pot.,
1387 3038 1452 3064 1104
1465 3039 1479 3055 0
1493 3031 1550 3057 Lib.
1566 3033 1598 3055 de
1611 3036 1729 3063 tempor„
1745 3038 1802 3067 502.
1818 3036 1869 3068 514
1887 3036 1954 3065 ecc.)

1981 1495 2011 1519 45

1982 1913 2012 1938 55

1985 2738 2015 2762 75

1984 2950 2017 2974 So

2031 1118 2121 1138 &13⁶²
