2318 3603
151 624 240 642 coen

130 729 201 749 Mun..
218 735 236 747 «x
252 729 291 747 028

157 1477 247 1495 noo)

283 2008 314 2025 lo

283 2271 312 2296 ¹5

280 2907 314 2931 30

925 231 1248 271 CHRONICON
1278 231 1589 270 MUTINENSE
2015 237 2051 263 Α.
2076 238 2172 273 ιεῦβῑ

334 360 370 385 ut
393 354 564 385 civitatem
590 354 731 386 Forlivii
748 354 928 391 obsideret,
945 354 1084 394 tam[en]
1101 354 1135 385 in
1153 353 1343 397 privilegiis
1360 353 1528 394 dictorum
1545 354 1686 385 fratrum
1705 353 1836 394 papalis
1852 353 1945 385 bulla
1960 353 2096 390 minime
2114 354 2174 385 de—

335 406 522 447 pendebat3
537 407 595 448 qui
608 417 725 438 omnes
738 407 952 449 collegerunt
966 407 999 438 in
1012 406 1154 439 civitate
1168 405 1323 438 Mutinae
1337 403 1409 436 ¹.***
1425 405 1527 438 Dicto
1540 405 1718 443 millesimo
1736 405 1792 437 die
1807 405 1924 438 martis
1939 406 1994 448 xiij
2012 405 2173 438 februarii

338 458 468 492 nobiles
492 460 534 491 de
560 459 716 491 Macreto
741 459 1040 494 concordaverunt
1065 469 1099 490 se
1123 469 1202 489 cum
1220 458 1359 490 domino
1376 457 1580 490 Marchione
1599 465 1632 489 et
1649 458 1787 489 comuni
1803 457 1958 490 Mutinae
1975 465 2009 490 et
2027 464 2171 491 castrum

335 509 483 543 Macreti
500 512 533 542 in
551 512 707 543 custodia
723 512 852 546 domini
869 511 1084 544 Marchionis
1100 518 1134 545 et
1151 510 1303 543 comunis
1318 510 1475 547 Mutinae
1491 510 1598 544 libere
1616 511 1831 544 tradiderunt
1846 510 1868 542 ².
1914 510 1958 542 Et
1974 516 2093 552 postea
2117 510 2173 542 die

335 564 468 595 venetis
492 564 522 606 vj
550 564 666 605 aprilis
682 564 928 597 ambaxiatores
952 564 994 596 de
1019 562 1184 601 Bononia,
1203 563 1247 594 de
1264 562 1416 600 Feraria,
1434 563 1477 594 de
1493 563 1647 600 Mantua,
1664 563 1800 595 insimul
1817 563 2019 606 congregati
2032 563 2066 594 in
2083 563 2175 595 dicta
2201 562 2217 592 5

337 617 474 649 civitate
491 617 666 654 Mantuae,
680 629 699 648 a
712 618 807 654 dicta
825 617 964 649 civitate
981 617 1146 651 Mantuae
1163 621 1374 648 recesserunt
1391 621 1425 647 et
1442 616 1486 647 ad
1503 615 1676 647 civitatem
1689 615 1888 648 Mediolani'
1903 626 1962 647 sua
1975 615 2099 647 itinera
2111 615 2176 656 [di-

335 670 508 710 rexerunt]
521 680 624 702 causa
641 670 755 702 dictae
771 671 866 711 pacis
884 676 916 702 et
933 670 1138 701 concordiae
1155 668 1419 710 pertractandae
1436 667 1548 709 [inter]
1564 669 1759 709 praedictos
1776 668 1933 700 dominos
1950 669 1992 700 de
2009 667 2173 704 Bononia,

337 723 379 754 de
391 723 543 760 Feraria,
558 723 602 754 de
615 722 620 735 '
632 723 775 760 Mutina,
789 723 833 755 de
847 722 990 754 Mantua
1003 733 1044 753 ex
1056 733 1123 753 una
1140 727 1238 763 parte
1255 726 1289 752 et
1305 721 1396 753 inter
1410 720 1610 762 praedictos
1626 721 1782 753 dominos
1799 722 1842 753 de
1858 721 2059 753 Mediolano
2072 731 2114 752 ex
2127 720 2176 752 al-

337 781 409 807 tera
425 775 459 806 in
477 786 544 817 qua
560 776 833 818 congregacione
851 782 885 808 et
900 775 1112 816 parlamento
1129 775 1269 805 fuerunt
1285 773 1535 810 ambaxiatores
1551 773 1681 805 domini
1705 774 1822 805 Caruli
1839 774 2066 816 ImperatoriS,
2083 772 2176 804 Mar-

339 828 473 859 chionis
488 828 618 860 Montis
634 829 661 860 F
664 829 759 866 erati,
777 828 819 861 de
837 828 974 860 civitate
991 827 1215 863 Venetiarum
1233 833 1267 858 et
1283 827 1326 858 de
1344 826 1450 858 Ianua
1467 832 1499 858 et
1515 826 1573 857 alii
1589 826 1837 859 ambaxiatores
1852 826 2082 869 quamplures,
2099 826 2178 868 quia

338 886 407 912 tota
422 880 632 913 Lombardia
645 892 708 922 per
721 887 865 923 quatuor
882 890 989 912 annos
1002 881 1036 912 in
1050 879 1226 911 discordia
1243 885 1315 910 erat
1333 879 1530 915 constituta:
1545 884 1579 910 et
1592 878 1718 911 habitis
1735 885 1768 910 et
1785 880 1886 911 factis
1902 879 1990 913 inter
2003 889 2062 911 eos
2074 879 2178 920 pluri-

337 933 399 965 bus
416 939 450 964 et
468 933 620 975 plurimis
632 934 853 975 parlamentis
869 940 902 965 et
916 933 992 965 aliis
1004 931 1336 974 congregacionibus
1355 938 1388 963 et
1405 931 1561 975 collegiis
1578 942 1641 973 per
1653 931 1717 962 Dei
1729 932 1872 973 gratiam
1887 932 1942 963 die
1956 932 2013 974 viij
2029 931 2115 962 iunii
2133 932 2178 962 ad

337 987 558 1019 concordiam
575 986 833 1028 pervenerunt³.
859 986 901 1018 Et
916 986 972 1018 die
996 985 1166 1019 dominico
1183 995 1205 1015 x
1222 984 1304 1016 iunii
1318 983 1422 1025 [ante]
1439 984 1529 1016 diem
1547 985 1654 1016 sancti
1670 984 1850 1021 Bernabei‚
1864 994 1992 1016 summo
2008 995 2106 1016 mane
2120 994 2178 1015 ve-

338 1046 461 1073 nerunt
478 1040 595 1071 literae
619 1040 787 1071 Mutinam
805 1040 849 1071 de
862 1040 1011 1076 Feraria,
1025 1038 1153 1070 domini
1170 1037 1396 1075 Marchionis‚
1414 1037 1539 1069 dictam
1555 1047 1677 1079 pacem
1694 1037 1943 1069 Mutinensibus
1960 1048 2037 1069 cum
2053 1037 2179 1080 gaudio

336 1092 582 1125 annunciantes
600 1099 633 1124 et
651 1093 705 1125 die
723 1093 810 1124 iovis
826 1098 981 1134 portatae
994 1092 1133 1123 fuerunt
1142 1091 1271 1128 literae,
1285 1100 1327 1122 ex
1339 1096 1435 1132 parte
1452 1090 1583 1122 domini
1600 1090 1820 1127 Mai-chionis,
1834 1090 1988 1122 Mutinae
2003 1096 2179 1122 narrantes

337 1146 482 1189 qualiter
499 1146 557 1177 die
574 1145 660 1177 iovis
672 1146 827 1187 proxime
841 1145 1023 1187 praeterita
1036 1144 1046 1160 ⁴
1064 1144 1098 1175 in
1117 1144 1254 1175 civitate
1270 1143 1462 1175 Mediolani
1478 1153 1545 1185 pax
1562 1143 1763 1175 universalis
1779 1153 1857 1175 cum
1873 1143 1999 1186 gaudio
2017 1149 2048 1174 et
2065 1142 2180 1175 leticia

339 1200 450 1231 fuerat
474 1198 681 1240 proclamata
707 1205 738 1230 et
764 1198 889 1229 ibidem
914 1198 1149 1239 processiones
1173 1202 1207 1228 et
1232 1196 1378 1228 letaniae
1402 1196 1516 1228 factae
1541 1196 1679 1228 fuerunt
1703 1206 1764 1236 per
1788 1196 1933 1227 clericos
1957 1202 1991 1228 et
2016 1196 2122 1227 laicos
2146 1201 2178 1226 et

339 1252 498 1284 astiludia
520 1257 553 1283 et
577 1251 701 1294 gaudia
725 1251 866 1288 infinita,
883 1257 916 1282 et
940 1251 1033 1292 quod
1057 1250 1248 1282 ordinatum
1273 1255 1345 1281 erat
1368 1248 1496 1280 ibidem
1520 1249 1608 1280 inter
1633 1255 1745 1281 cetera
1769 1249 1861 1291 quod
1877 1249 1989 1280 omnia
2012 1254 2124 1280 castra
2148 1255 2180 1280 et

338 1316 454 1337 omnes
478 1304 672 1341 fortiliciae,
690 1315 778 1346 quae
803 1303 962 1335 dominus
984 1303 1143 1334 Marchio
1161 1309 1195 1334 et
1211 1301 1366 1335 comunis
1381 1301 1535 1333 Mutinae
1552 1301 1715 1333 tenebant
1738 1312 1816 1333 cum
1831 1312 1988 1344 guerram
2006 1302 2179 1343 inceptam

339 1358 521 1394 habebant,
536 1357 580 1388 ad
594 1356 754 1388 calendas
767 1356 900 1399 augusti
915 1356 1061 1397 proximi
1074 1355 1333 1387 restituerentur
1347 1354 1478 1386 eisdem
1492 1354 1512 1385 ⁵.
1538 1354 1582 1385 Et
1595 1354 1705 1385 statim
1723 1354 1817 1386 dicto
1833 1354 1889 1385 die
1907 1354 1996 1386 iovis
2008 1354 2080 1397 xiiij
2094 1353 2178 1385 iunii
2204 1354 2245 1385 20

340 1410 596 1452 preconicatum
622 1408 687 1440 fuit
711 1419 773 1449 per
798 1408 970 1439 civitatem
995 1406 1150 1438 Mutinae
1175 1407 1267 1449 quod
1292 1407 1421 1438 licitum
1438 1412 1612 1438 teneretur
1629 1406 1812 1448 unicuique
1836 1406 2018 1437 mercatori
2033 1412 2067 1438 et
2082 1405 2180 1437 bonis

339 1462 532 1494 hominibus
555 1462 604 1493 ire
628 1468 662 1493 et
685 1461 796 1493 redire
822 1471 942 1492 secure
960 1471 1020 1502 per
1037 1460 1209 1492 civitatem
1226 1459 1381 1491 Mutinae
1399 1465 1431 1491 et
1448 1459 1522 1491 eius
1539 1459 1739 1495 districtum,
1764 1458 1813 1490 'et
1837 1459 1930 1500 quod
1955 1458 2065 1490 nullus
2082 1459 2179 1491 daret

2205 826 2243 857 10

2208 1089 2243 1120 15

431 1613 451 1630 1.
466 1608 559 1630 tamen
576 1606 663 1635 Mum,
684 1606 727 1629 Cr.
744 1618 753 1622 -
768 1605 879 1637 papalis
900 1604 986 1630 Mum,
1005 1605 1065 1628 Cr.:
1086 1603 1198 1634 populis
1211 1604 1243 1626 Α,
1260 1616 1290 1621 —
1308 1610 1362 1627 1-2.
1384 1602 1570 1636 dependebat]
1590 1603 1730 1636 pendebat
1750 1603 1836 1630 Mun..
1858 1603 1902 1627 Cr.
1918 1615 1949 1619 -
1965 1608 1988 1625 2.
2008 1600 2076 1632 qu}
2093 1609 2122 1632 14
2136 1601 2179 1631 A„

340 1650 427 1680 Mun„
443 1652 503 1679 Cr.;
518 1659 558 1673 ma
577 1651 601 1674 il
616 1657 649 1680 14
662 1649 786 1682 sebbrm'o
800 1649 836 1681 fu
857 1658 889 1672 un
908 1648 1048 1672 mercoledi
1068 1661 1102 1665 —-
1123 1654 1144 1679 5.
1165 1647 1292 1678 insimul]
1311 1648 1344 1671 in
1362 1655 1448 1672 unum
1469 1647 1557 1677 Mum,
1574 1649 1618 1672 Cr.
1634 1661 1664 1664 —
1678 1646 1703 1671 6.
1718 1646 1862 1678 Mantuae]
1876 1647 2003 1671 Mutinae
2016 1646 2060 1676 A„
2076 1647 2120 1671 Cr.
2135 1647 2180 1669 nel

332 1696 421 1725 primo
440 1695 484 1719 dei
503 1696 555 1717 due
574 1695 678 1726 luogln':
700 1703 741 1718 ma
760 1694 772 1716 ἐ
786 1701 878 1717 errore
898 1693 1034 1722 evidente-3
1055 1694 1100 1716 nel
1110 1692 1219 1717 soconda
1237 1693 1317 1724 luogo
1336 1692 1391 1716 solo
1411 1692 1491 1716 Mun.
1510 1692 1543 1715 Ιια
1556 1691 1683 1717 Mutinae
1701 1692 1792 1717 iuvere
1808 1692 1839 1714 di
1856 1691 1990 1716 Mantuae
2010 1704 2018 1708 -
2038 1691 2135 1715 avanti
2145 1691 2183 1714 ad

337 1745 352 1761 a
367 1745 381 1760 e
394 1747 410 1761 a
424 1739 594 1761 recesserunt
607 1738 631 1761 si
643 1738 726 1769 legge
739 1737 766 1760 iu
781 1736 813 1759 A.
834 1745 847 1759 e
869 1736 913 1761 Cr.
929 1744 962 1759 un
975 1742 1002 1759 se
1021 1736 1064 1759 che
1077 1735 1159 1759 anche
1178 1735 1256 1758 Men.
1277 1742 1323 1758 om.
1344 1746 1354 1751 -
1375 1736 1547 1758 recesserunt
1565 1741 1635 1759 eorr-
1655 1734 1749 1761 Mum:
1770 1733 1933 1758 deceserunt
1951 1733 1993 1762 A„
2015 1734 2061 1757 Cr.
2079 1747 2110 1750 —
2125 1732 2178 1764 6-7.

340 1781 502 1806 direxerunt
527 1789 597 1813 agg.
617 1781 693 1805 Mun.
714 1780 747 1803 cd
764 1780 777 1803 ἑ
796 1780 940 1804 necessario
957 1780 1147 1810 supplemento:
1163 1777 1256 1808 poiche·
1275 1779 1301 1802 in
1320 1778 1351 1802 A.
1366 1779 1459 1808 prima
1478 1778 1548 1801 delle
1562 1778 1660 1808 parole
1679 1777 1712 1802 de
1731 1777 1859 1801 Bononia
1878 1785 1924 1801 era
1942 1778 2034 1801 scritto
2054 1778 2178 1806 ruerunt,

338 1826 432 1857 chesn
451 1826 606 1854 cancellato,
624 1825 637 1847 ἐ
657 1825 691 1848 da
717 1824 823 1848 credere
855 1824 898 1847 che
918 1824 1032 1847 nell'una
1052 1831 1065 1846 o
1084 1822 1221 1847 nell’altro
1241 1823 1321 1854 luogo
1343 1831 1377 1845 un
1401 1822 1481 1846 verbo
1500 1823 1529 1845 di
1546 1823 1577 1849 3⁸
1595 1823 1670 1852 plur.
1683 1822 1760 1853 fosse
1783 1821 1986 1853 nell’originale
2012 1828 2065 1845 non
2087 1824 2180 1852 sapato

339 1871 452 1901 leggerc
477 1869 528 1893 dal
548 1870 650 1901 copista
679 1877 692 1892 e
719 1870 793 1893 assai
810 1868 1020 1900 probabihum«
1038 1875 1053 1892 0
1072 1867 1236 1892 derexerunt
1254 1873 1268 1890 o
1288 1867 1416 1891 inierunt
1438 1880 1463 1883 —
1491 1872 1514 1897 7.
1533 1873 1614 1890 causa
1636 1874 1705 1890 corr.
1732 1866 1824 1891 Mun-z
1845 1866 1903 1890 tam
1928 1866 1971 1895 A„
1993 1866 2039 1890 Cr.
2059 1878 2070 1883 -
2088 1865 2179 1889 dictae

340 1922 385 1938 om.
406 1915 483 1938 MUR.
498 1926 508 1931 -
529 1915 603 1938 inter
621 1921 686 1946 agg.
709 1913 784 1937 MUR.
805 1925 816 1931 -
835 1912 969 1936 dominos
988 1919 1035 1935 om.
1056 1911 1132 1935 Mun.
1154 1924 1185 1928 -
1208 1917 1247 1942 13.
1268 1910 1298 1942 x}
1318 1911 1343 1942 xj
1364 1911 1459 1937 MUR.;
1479 1911 1503 1934 tl
1524 1918 1558 1935 ιο
1573 1910 1724 1943 giugnofu
1738 1910 1883 1937 domenico,
1902 1917 1916 1933 e
1929 1909 1981 1934 I’JJ
1996 1909 2102 1941 giugno
2116 1908 2180 1933 cade

339 1959 365 1981 Ia
378 1959 455 1988 festa
474 1958 505 1981 du·
521 1966 568 1981 san
588 1956 728 1982 Barnabae
747 1957 812 1980 ande
831 1955 923 1988 l’agg.
941 1956 971 1979 di
988 1957 1062 1985 ante,
1082 1955 1126 1979 elec
1145 1963 1238 1979 manca
1259 1955 1336 1979 anche
1355 1955 1383 1978 in
1402 1955 1479 1979 Mun.
1500 1963 1513 1978 e
1534 1955 1579 1980 Cr.
1601 1967 1632 1972 -
1656 1955 1694 1979 18.
1714 1953 1803 1985 quod²
1823 1954 1909 1984 Mun..
1938 1954 1998 1981 Cr.;
2017 1961 2068 1985 que
2093 1953 2126 1976 A.
2147 1966 2178 1970 —

343 2009 384 2026 πο.
404 2002 521 2033 eisdem]
543 2002 632 2026 eidem
653 2002 693 2028 A..
714 2002 801 2030 Mun„
831 2001 874 2025 Cr.
895 2012 906 2018 -
925 2000 1003 2024 dicto
1026 2007 1073 2023 om.
1095 1998 1182 2028 Mun„
1204 2000 1248 2023 Cr.
1269 2011 1280 2017 -
1299 1998 1376 2030 xiiij]
1399 1999 1431 2023 18
1449 1999 1490 2027 A.,
1512 1999 1599 2027 Mun„
1621 2000 1680 2027 Cr.;
1695 2006 1737 2023 ma
1750 1998 1894 2030 ilgiovedi
1912 1998 1961 2030 gisi
1986 1998 2149 2021 mansionata
2167 1997 2180 2019 ἑ

337 2047 362 2069 il
376 2047 463 2076 primo
481 2045 593 2077 gmvcctt
607 2046 675 2077 dopo
694 2046 719 2069 il
734 2053 767 2070 lo
783 2045 892 2077 glugno
911 2045 966 2068 cioe‘
985 2044 1007 2067 il
1024 2052 1057 2073 14
1073 2056 1104 2061 -—
1120 2050 1162 2067 21.
1181 2043 1256 2074 quod
1272 2043 1359 2071 Mun„
1375 2044 1498 2074 Cr-:que
1510 2043 1541 2067 Α.
1557 2055 1567 2060 -
1582 2042 1737 2074 teneretur]
1758 2043 1866 2067 teneret
1878 2043 1924 2071 A.;
1938 2044 2011 2067 esset
2025 2042 2111 2071 Mum,
2133 2042 2179 2066 Cr.

341 2104 372 2107 »-
395 2097 483 2115 21-22.
503 2090 569 2114 boni
590 2090 717 2114 huomini
739 2089 778 2113 ire
798 2089 845 2115 A.;
861 2089 942 2113 bonis
955 2087 1117 2112 hominibus
1137 2088 1286 2111 mereatum
1301 2087 1341 2111 Ire
1355 2087 1441 2113 Mun..
1458 2089 1503 2112 Cr.
1517 2088 1561 2111 che
1575 2088 1658 2111 hanno
1672 2088 1737 2111 letto
1751 2088 1901 2111 mercatum
1917 2096 1950 2110 un
1964 2085 2110 2110 mercatori
2124 2094 2182 2109 can—

339 2136 436 2160 sellam
455 2143 483 2158 su
503 2135 583 2159 cus‘in
602 2134 631 2158 A.
651 2135 664 2156 e*
677 2135 772 2158 scritta
787 2134 815 2157 let
834 2140 901 2158 corr.
922 2132 1059 2157 huomini.

343 2224 450 2248 Toledo
472 2224 514 2247 nel
541 2223 605 2255 1338
625 2232 638 2247 e
659 2222 800 2247 cardinale
822 2222 863 2246 nel
891 2228 962 2253 1350,
983 2229 1027 2245 era
1049 2223 1122 2245 stato
1150 2222 1236 2244 nomi-

1378 2219 1388 2232 ³³
1411 2221 1447 2251 La
1469 2228 1534 2252 pace
1557 2223 1598 2244 tra
1621 2221 1646 2244 la
1668 2221 1727 2252 lega
1748 2221 1782 2243 ei
1805 2220 1944 2245 visconti.
1965 2220 2013 2242 che
2027 2218 2095 2250 altri
2110 2226 2182 2251 pune

343 2268 409 2290 nato
431 2266 450 2289 il
471 2273 505 2297 30
524 2267 630 2297 giugno
654 2271 717 2296 1353
733 2266 767 2288 da
780 2265 937 2288 Innocenzo
953 2263 989 2287 VI
1001 2263 1093 2294 legato
1110 2264 1137 2286 in
1154 2262 1235 2287 Italia
1293 2263 1317 2287 al
1339 2264 1354 2286 6
1373 2264 1487 2295 giugno.
1504 2264 1531 2287 su
1554 2264 1659 2292 invece,
1678 2270 1756 2287 come
1771 2262 1880 2286 afferma
1896 2262 1915 2286 il
1937 2264 2035 2286 nostro
2049 2262 2182 2290 cronista,

342 2317 393 2332 con
415 2309 489 2340 pieni
513 2309 602 2339 poteri
625 2315 673 2339 per
694 2307 719 2331 la
741 2307 857 2330 risorma
877 2305 951 2330 della
971 2305 1073 2330 Chiesa
1094 2313 1107 2328 e
1127 2313 1175 2336 per
1201 2306 1235 2327 ri·
1292 2305 1422 2330 conclusa
1442 2304 1478 2328 1’8
1497 2307 1617 2338 gingrio:
1641 2305 1737 2330 infatti
1767 2306 1794 2328 in
1822 2312 1858 2329 un
1886 2305 2039 2335 posteriore
2067 2305 2127 2328 atto
2153 2304 2180 2327 di
2211 2307 2243 2333 35

342 2358 471 2382 superare
493 2351 499 2373 i
521 2351 613 2374 diritti
637 2349 783 2380 temporali
806 2348 880 2372 della
900 2348 986 2372 Santa
999 2347 1082 2371 Sede:
1097 2347 1189 2370 vedasi
1207 2348 1234 2369 in
1292 2348 1360 2379 lega,
1381 2355 1570 2380 conseguenza
1590 2348 1616 2371 di
1638 2347 1703 2379 quel
1722 2349 1841 2372 trattato
1861 2347 1888 2370 di
1910 2354 1984 2377 pace.
2012 2347 2033 2370 si
2056 2346 2104 2369 ha:
2128 2346 2140 2357 “
2154 2346 2181 2368 in

341 2393 489 2423 proposito
511 2392 531 2415 il
554 2391 652 2415 lavoro
675 2390 883 2414 sondamentale
904 2390 931 2413 di
953 2389 982 2412 F*
1009 2388 1167 2414 F1L1PP1211.
1194 2389 1236 2412 La
1294 2390 1534 2421 “capItulispacis
1546 2390 1681 2414 celebrate
1693 2390 1848 2413 dieoctavo
1860 2388 2042 2413 mensisiunii
2056 2388 2182 2418 proxime

342 2436 502 2466 riconquista
522 2435 592 2458 dello
614 2436 690 2458 §tato
709 2434 781 2457 della
805 2434 899 2457 Cln'esa
915 2436 968 2462 per
987 2435 1068 2462 opera
1090 2432 1120 2455 di
1140 2432 1171 2454 E.
1190 2431 1236 2454 Al·
1294 2433 1305 2443 ¹¹
1318 2433 1470 2463 preteriti„
1492 2432 1676 2463 (ML'RATORI.
1696 2432 1757 2455 Ant.
1780 2431 1846 2456 Est..
1867 2430 1899 2456 Π,
1924 2429 1991 2461 127).

282 2483 293 2500 2
341 2478 442 2502 bornoz.
465 2476 537 2508 negli
554 2476 663 2500 Studi
682 2475 826 2500 Storici
839 2475 881 2498 del
898 2474 1076 2503 Crivellucci,
1094 2473 1148 2497 voli
1163 2473 1236 2497 xm.
1379 2471 1391 2487 ⁴
1411 2473 1445 2497 Vi
1465 2472 1479 2497 'e
1500 2475 1576 2498 certo
1596 2481 1688 2497 errore
1708 2473 1756 2505 qui
1778 2472 1973 2497 nell'indicare
1993 2478 2046 2496 con
2067 2469 2182 2503 giovedl

342 2517 663 2551 ρρ1169-213,243-378.
1293 2517 1310 2539 il
1331 2512 1434 2549 giorno
1463 2516 1537 2541 della
1558 2524 1631 2548 pace.
1660 2514 1761 2548 poiche
1788 2515 1824 2539 1⁹8
1852 2516 1958 2548 giugno
1992 2513 2057 2546 1358
2088 2515 2116 2538 su
2146 2521 2182 2537 un
2212 2520 2247 2542 40

431 2559 437 2574 ¹
460 2560 558 2584 Manca
579 2560 605 2583 la
627 2560 705 2589 cisra,
722 2559 770 2582 che
786 2558 804 2582 il
820 2559 945 2582 cronista
962 2558 1061 2581 volcva
1076 2558 1149 2586 dare,
1163 2557 1236 2580 della
1291 2556 1450 2583 mercoledi,

342 2610 446 2627 somma
468 2602 589 2626 raccolta
612 2603 639 2624 in
660 2602 781 2625 Modena
795 2602 840 2625 dai
855 2600 958 2624 Serviti
976 2601 1003 2623 in
1021 2601 1098 2623 aiuto
1113 2599 1237 2623 dell‘im-
1378 2599 1388 2615 ⁵
1409 2600 1489 2624 Nella
1510 2608 1575 2633 pace
1599 2601 1626 2624 fu
1650 2601 1810 2624 convenuto
1831 2599 1878 2622 che
1907 2600 1939 2621 “i
1968 2598 2057 2622 nobili
2079 2598 2123 2622 del
2144 2598 2183 2620 di-

342 2652 421 2676 presa
441 2646 541 2668 contro
560 2641 647 2667 Forn.
1295 2644 1305 2653 “
1319 2643 1419 2666 stt-etto
1438 2643 1464 2666 di
1495 2642 1623 2669 Modena,
1649 2641 1802 2673 partigiani
1823 2640 1866 2664 del
1888 2641 1999 2671 signore
2019 2640 2046 2663 di
2067 2639 2184 2664 Milano.

429 2684 439 2700 ²
460 2687 469 2709 I
492 2686 582 2709 nobili
604 2686 630 2709 di
655 2686 780 2715 Magi-eta
800 2685 979 2708 cominciano
1001 2684 1033 2707 ad
1049 2684 1176 2714 apparire
1195 2691 1236 2706 su·
1295 2688 1305 2695 ‘¹
1319 2682 1438 2708 Galasso
1458 2684 1499 2708 de*
1519 2684 1571 2708 Pii.
1588 2685 1594 2707 i
1611 2683 1733 2707 Boiardi.
1749 2684 1756 2706 i
1771 2683 1838 2706 Pico
1853 2681 1926 2706 della
1941 2681 2109 2708 Mirandola.
2125 2682 2131 2704 i
2150 2682 2183 2704 si-

342 2728 401 2751 bito
423 2729 497 2759 dopo
520 2727 539 2751 il
560 2727 645 2750 mille.
667 2735 679 2749 c
700 2726 745 2757 gia
775 2726 818 2750 nel
849 2732 912 2757 1173
941 2733 1010 2749 sono
1037 2725 1144 2748 titolati
1171 2725 1238 2748 “do-
1295 2726 1399 2757 “gnori
1421 2727 1448 2750 di
1470 2724 1596 2757 Guiglia,
1617 2726 1624 2749 i
1646 2724 1849 2748 montecuccoli
1871 2732 1883 2747 e
1899 2725 1906 2747 i
1922 2723 2081 2756 Malatigni,
2097 2724 2184 2747 sareb-
2213 2730 2245 2755 45

344 2776 355 2782 ¹*
368 2771 437 2793 mini
459 2771 491 2793 de
512 2770 633 2792 Mat-reta
647 2778 677 2795 „:
703 2770 724 2791 si
753 2769 936 2792 illustrarono
963 2775 1014 2791 con
1042 2766 1198 2798 podeste'rie
1224 2774 1237 2789 e
1295 2772 1305 2779 *¹
1318 2768 1383 2791 bero
1403 2768 1502 2792 esclusi
1524 2767 1599 2799 dalla
1613 2775 1687 2799 pace,
1707 2774 1734 2790 se
1747 2768 1828 2790 entro
1842 2765 1961 2797 Pagosto
1976 2766 2114 2796 prossimo
2129 2772 2183 2788 non

342 2813 495 2845 capitanati
519 2811 562 2835 nel
584 2811 676 2835 secolo
696 2811 769 2835 XIII.
793 2819 806 2834 e
833 2810 877 2834 nel
906 2812 1036 2842 seguente
1063 2810 1085 2832 si
1113 2809 1236 2832 divisero
1295 2813 1306 2820 “
1319 2816 1446 2833 avessero
1458 2810 1593 2833 restituiti
1606 2810 1613 2832 i
1626 2808 1734 2832 castelli
1746 2815 1760 2831 e
1775 2809 1781 2831 i
1797 2807 1893 2838 luoghi
1909 2808 2035 2838 occupati
2052 2806 2097 2830 dal
2112 2807 2186 2837 prin·

344 2855 372 2877 in
392 2853 474 2877 molti
496 2854 573 2877 rami,
596 2853 643 2876 che
665 2854 686 2876 si
709 2854 940 2883 assoggettarono
962 2851 1018 2882 agli
1038 2851 1148 2874 Estensi
1175 2851 1237 2873 sino
1294 2852 1305 2862 ‘⁴
1319 2852 1394 2881 cipio
1408 2851 1481 2875 della
1501 2858 1608 2882 guerra.
1629 2850 1825 2882 appartenenti
1847 2849 1872 2872 al
1894 2849 2032 2872 marchese
2052 2848 2152 2875 d’Este.
2172 2855 2186 2870 e

344 2896 389 2919 dal
413 2895 495 2927 1336:
517 2903 560 2918 ma
581 2895 698 2918 durante
719 2894 744 2918 le
764 2902 860 2925 guerre
881 2895 1023 2917 viscontee
1043 2893 1190 2916 dot-evano
1202 2899 1238 2915 es·
1295 2896 1305 2903 ‘¹
1322 2893 1446 2916 soltanto
1467 2894 1494 2916 in
1517 2894 1614 2923 questo
1634 2899 1697 2915 caso
1717 2891 1805 2922 questi
1827 2898 1913 2914 aveva
1934 2887 2038 2914 facolta
2058 2890 2085 2913 di
2113 2896 2186 2913 muo-

342 2939 408 2960 sei-si
436 2937 568 2962 ribellati,
595 2937 711 2960 essendo
739 2937 918 2967 iinparentati
946 2936 988 2958 voi
1017 2935 1068 2958 Pio
1095 2935 1122 2957 di
1151 2933 1234 2965 Carpi
1296 2938 1307 2947 ⁴·
1323 2942 1385 2958 vere
1405 2935 1466 2958 loro
1486 2941 1607 2965 guerra„
1629 2932 1824 2965 (SloiunoLFI.
1846 2936 1886 2962 op.
1907 2933 1961 2959 cit..
1981 2939 2006 2962 p.
2027 2931 2098 2963 220).
2215 2938 2248 2962 ςο

341 2979 454 3008 (smmi.
477 2980 546 3004 Di:.,
568 2978 598 3003 ΙΙ,
623 2978 685 3009 2-(1).
