2370 3603
127 234 179 270 [Α.
204 236 295 269 1³³2]
739 228 992 265 IOHANNIS
1023 229 1091 264 DE
1120 227 1338 264 BAZANO
1885 226 1953 260 109

146 305 187 314 -ιι
188 299 1957 314 ................................................................................................................................................................................................

129 352 192 383 His
214 351 398 393 [per]actis,
422 351 626 383 Manfredus
649 350 691 381 de
715 349 787 381 Piis
805 361 881 381 cum
898 348 1133 381 Maresclialco
1150 348 1258 391 Regis
1273 354 1305 379 et
1323 358 1398 379 cum
1415 348 1516 379 Petro
1534 348 1577 380 de
1594 347 1736 385 Rubeis,
1753 347 1895 380 Giberto
1913 346 1964 378 de'

129 403 271 436 Foliano
288 410 322 435 et
339 404 586 446 quinquaginta
598 402 763 434 militibus
780 401 986 434 theutonicis
1002 408 1035 433 et
1048 402 1092 433 de
1105 400 1227 432 Parma
1241 406 1273 432 et
1287 400 1329 431 de
1348 400 1462 443 Regio
1479 408 1645 432 venerunt
1663 411 1740 432 cum
1758 410 1880 442 magna
1897 400 1966 431 t're-

129 457 270 498 quentia
293 457 338 488 ad
354 457 529 488 civitatem
554 454 710 487 Mutinae
726 456 770 487 ad
796 461 928 496 portam
945 454 1101 486 Albareti
1124 460 1157 485 et
1180 453 1214 484 in
1238 453 1323 484 hora
1339 453 1433 494 quasi
1451 463 1671 494 vesperorum
1696 453 1908 484 intraverunt
1932 452 1964 482 in

132 508 305 541 civitatem
324 508 479 540 Mutinae
496 508 720 540 exclamando
741 511 748 524 ‘
759 508 962 545 Moriantur‚
977 507 1163 538 moriantur
1176 506 1368 547 proditores
1380 505 1404 541 ’ς
1422 512 1455 537 et
1472 512 1551 537 tunc
1567 506 1734 547 praedicti
1753 506 1795 537 de
1809 505 1889 542 Piis,
1907 504 1965 546 qui

75 560 92 592 5
132 561 261 593 detenti
284 567 390 598 erant,
408 566 651 602 separaverunt
674 571 708 591 se
734 561 777 591 de
795 559 945 597 Palacio‚
963 560 1103 591 retentis
1127 559 1274 590 detentis
1290 559 1440 590 Iohanne
1457 559 1499 589 de
1522 558 1663 589 Mantua
1681 557 1727 598 [et
1744 557 1901 598 Nicolao]
1925 556 1968 587 de

134 612 246 645 Fredo
263 613 319 653 [et]
336 613 430 654 Deco
443 613 486 644 de
502 612 530 643 F
531 612 627 649 redo,
644 613 701 654 qui
719 617 838 653 postea
855 618 954 643 nocte
972 611 1126 652 sequenti
1144 611 1316 653 fugierunt
1333 611 1375 641 de
1392 621 1560 642 consensu
1576 610 1758 641 Potestatis
1774 615 1871 641 extra
1887 608 1969 639 civi-

130 671 234 697 tatem
251 676 313 707 per
329 667 463 702 foveas:
481 671 515 696 et
532 665 641 696 dictus
659 665 823 696 Nicolaus
839 666 882 697 de
900 665 1013 696 Fredo
1031 674 1099 695 non
1115 664 1209 695 venit
1226 663 1406 700 Mutinam,
1423 663 1482 694 sed
1500 663 1561 694 ivit
1576 661 1852 703 Spilambertum,
1870 667 1904 692 et
1921 660 1971 691 illi

134 717 178 749 de
194 717 350 749 Macreta
366 718 499 749 iverunt
518 716 718 754 Macretam‚
737 723 769 748 et
785 718 849 748 ista
866 723 976 748 castra
993 716 1245 747 revellaverunt
1270 716 1405 747 comuni
1424 714 1588 746 Mutinae.
1613 715 1658 746 Et
1675 721 1754 746 tunc
1771 714 1968 755 praedictus

133 770 291 801 dominus
306 770 498 812 Broncinus
521 769 680 801 Potestas
705 769 859 801 Mutinae
875 779 911 800 se
935 769 1105 809 separavit
1129 769 1223 800 dicto
1241 768 1408 810 regimine
1426 773 1565 808 propter
1589 767 1758 798 novitates
1774 766 1970 808 praedictas

75 822 112 853 10
137 831 202 864 que
219 822 356 853 fuerunt
372 821 406 852 in
422 821 563 853 civitate
580 821 737 852 Mutinae
754 821 849 852 dicta
866 821 920 852 die
940 821 1039 852 lunae
1055 821 1121 862 xxij
1142 821 1225 851 iunii
1242 826 1275 851 et
1301 820 1376 851 loco
1400 820 1507 860 ipsius
1531 820 1625 850 venit
1650 819 1807 850 dominus
1830 818 1971 861 Egidius

136 874 180 905 de
203 873 348 917 Belayre
371 884 436 915 pro
461 873 635 905 Potestate
664 873 830 905 Mutinae.

92 922 96 926 ’
222 926 387 957 Dominus
404 925 550 968 Egidius
569 926 611 957 de
629 926 772 968 Belayre
789 926 944 957 Potestas
959 926 1116 957 Mutinae
1134 935 1195 966 pro
1213 925 1391 956 maiestate
1415 925 1577 956 Boemiae
1596 926 1689 967 regia
1705 926 1739 955 in
1765 923 1969 966 M.cccxxxij

137 977 173 1010 in
196 979 324 1010 ultimis
354 989 411 1010 sex
443 978 614 1010 mensibus
644 985 678 1010 et
710 979 841 1019 incepit
865 979 921 1010 die
946 979 1046 1009 lunae
1073 978 1261 1018 penultimo
1292 978 1377 1008 iunii
1392 977 1413 1010 ¹.
1458 978 1557 1008 Tunc
1594 984 1740 1009 castrum
1764 977 1973 1019 Formiginis

137 1031 300 1062 traditum
325 1031 390 1062 fuit
412 1030 583 1063 nobilibus
607 1031 649 1063 de
673 1031 810 1062 Sassolo
835 1040 896 1071 per
919 1030 1086 1072 Legatum
1110 1030 1287 1061 Ecclesiae
1312 1030 1486 1062 Bononiae
1511 1030 1712 1061 existentem
1725 1029 1756 1061 ².'
1787 1029 1886 1061 Tunc
1910 1029 1966 1062 die

78 1082 115 1114 15
139 1083 316 1115 dominico
329 1094 373 1114 xx
387 1083 590 1124 septembris
606 1090 784 1124 acceptum
801 1083 867 1114 fuit
883 1089 1030 1114 castrum
1046 1082 1205 1124 Pergami
1223 1092 1284 1123 per
1301 1083 1474 1114 dominum
1492 1081 1647 1124 Aeonem
1663 1083 1705 1113 de
1724 1082 1897 1114 Viscontis
1914 1081 1973 1122 [et]

138 1145 202 1177 per
225 1136 399 1167 dominum
417 1135 622 1167 Gulielmum
640 1137 683 1167 de
700 1134 929 1168 Castrobarco
946 1135 1104 1166 Vicarios
1128 1134 1213 1166 dicti
1237 1134 1344 1177 Regis
1368 1135 1529 1166 Boemiae
1554 1135 1588 1165 in
1614 1135 1707 1167 dicta
1731 1135 1869 1166 civitate
1892 1134 1975 1166 Per-

140 1188 232 1231 gami
243 1187 265 1219 ³.
289 1188 389 1219 Tunc
408 1189 463 1219 die
480 1189 598 1219 martis
614 1188 680 1230 xxij
699 1188 899 1229 septembris
916 1188 1148 1229 Henghirame
1167 1187 1210 1218 de
1228 1188 1387 1229 Gorcano
1411 1189 1547 1229 accepit
1565 1193 1709 1219 castrum
1727 1188 1876 1230 Gorcani
1890 1194 1923 1219 et
1939 1198 1974 1219 se

140 1240 316 1272 revellavit
328 1241 465 1272 comuni
478 1240 633 1272 Mutinae
645 1240 668 1278 ⁴,
682 1247 715 1272 et
727 1247 806 1272 tunc
818 1240 1031 1272 Mutinenses
1044 1240 1218 1271 intrinseci
1236 1240 1371 1271 iverunt
1383 1240 1418 1270 in
1430 1239 1602 1271 obsessum
1618 1239 1716 1272 dicti'
1729 1240 1830 1271 castri
1844 1246 1877 1272 et
1891 1239 1975 1271 obiit

147 1292 196 1324 ibi
210 1292 454 1325 Manfredotus
470 1293 512 1324 de
537 1293 605 1324 Piis
617 1293 629 1311 ⁵
653 1293 830 1335 sagittatus
847 1303 915 1323 una
939 1293 1062 1334 sagitta
1085 1297 1118 1323 et
1136 1292 1192 1323 die
1208 1292 1324 1333 xxviiij
1352 1292 1550 1332 septembris
1567 1292 1667 1323 rediit
1684 1293 1854 1324 exercitus
1869 1292 1976 1324 Muti-

77 1346 120 1377 20
143 1356 217 1378 nae.
264 1346 307 1377 Et
331 1353 411 1377 tunc
437 1347 491 1378 die
514 1347 632 1377 martis
655 1346 843 1387 penultimo
867 1344 1079 1387 septembris,
1104 1345 1138 1376 in
1163 1345 1251 1376 festo
1276 1345 1384 1375 sancti
1415 1344 1605 1381 Michaelis,
1631 1345 1786 1376 dominus
1817 1345 1978 1376 Albertus

145 1398 236 1430 della
253 1399 355 1430 Scala
371 1400 528 1430 dominus
544 1399 691 1430 civitatis
708 1399 876 1435 Veronae,
894 1398 1053 1429 dominus
1071 1398 1187 1430 Guido
1206 1399 1249 1429 de
1267 1398 1433 1439 Goncaga
1449 1398 1605 1429 dominus
1622 1398 1794 1436 Mantuae,
1820 1398 1977 1430 dominus

144 1451 346 1494 Raynaldus
362 1452 519 1483 Marchio
545 1453 686 1483 estensis
711 1451 868 1483 dominus
892 1450 1041 1482 civitatis
1058 1452 1085 1482 F
1089 1451 1218 1481 erariae
1236 1451 1438 1491 inceperunt
1456 1451 1573 1482 venire
1591 1461 1668 1482 cum
1684 1451 1751 1482 suis
1768 1450 1974 1482 exercitibus

144 1503 189 1535 ad
220 1504 393 1536 civitatem
423 1504 590 1541 Mutinae,
623 1510 657 1536 et
681 1504 735 1536 die
760 1504 870 1535 sabati
903 1504 937 1545 iij
963 1503 1112 1534 octobris
1135 1503 1248 1534 dictus
1279 1503 1436 1534 Marchio
1461 1504 1574 1544 posuit
1604 1504 1791 1535 exercitum
1815 1514 1911 1535 suum
1934 1504 1979 1534 ad

146 1562 292 1588 castrum
318 1557 435 1589 Sancti
452 1557 578 1589 Felicis
593 1564 626 1588 et
642 1557 688 1588 ibi
712 1562 878 1588 steterunt
894 1557 929 1587 in
947 1556 1086 1587 obsessu
1109 1556 1215 1599 xxiiij.
1241 1555 1361 1587 diebus
1384 1566 1460 1587 cum
1484 1563 1612 1598 septem
1635 1556 1802 1587 machinis
1819 1557 1977 1587 continue

83 1608 123 1640 25
148 1608 206 1641 die
229 1615 403 1651 noctuque
421 1610 548 1641 dictum
567 1616 711 1641 castrum
727 1609 1002 1641 machinantibus
1014 1608 1035 1640 ⁶.
1065 1609 1128 1640 Die
1146 1615 1256 1640 autem
1280 1609 1327 1652 iiij
1353 1609 1503 1640 octobris
1518 1610 1553 1640 in
1570 1610 1658 1641 festo
1675 1609 1784 1641 sancti
1802 1607 1978 1640 Francisci

146 1662 293 1702 praefati
312 1662 442 1694 domini
458 1668 491 1693 et
507 1662 632 1693 tiranni
657 1673 734 1693 cum
751 1662 818 1692 suis
842 1661 1050 1693 exercitibus
1073 1668 1239 1692 venerunt
1263 1661 1296 1691 in
1326 1661 1498 1693 obsessum
1516 1662 1663 1693 civitatis
1686 1661 1840 1693 Mutinae
1873 1666 1907 1692 et
1931 1661 1977 1692 ibi

242 1839 264 1856 1.
284 1832 404 1863 peractis
423 1833 508 1862 Mun„
531 1833 585 1861 Cr.,
607 1834 646 1857 111.
667 1845 698 1849 -
719 1839 744 1857 2.
769 1831 840 1863 cum]
867 1832 896 1856 in
924 1832 1009 1861 Mum,
1038 1832 1083 1855 Cr.
1105 1844 1137 1849 -
1157 1840 1180 1862 4.
1203 1831 1235 1855 de
1265 1832 1324 1856 Piis
1352 1839 1399 1856 eos
1425 1834 1473 1864 qui
1501 1833 1577 1858 Mun.
1598 1846 1630 1850 —-
1651 1841 1674 1865 5.
1693 1840 1722 1857 se
1741 1841 1788 1857 om.
1809 1833 1901 1861 Μυκη·
1921 1840 1949 1856 sc
1969 1830 1982 1854 ὲ

153 1875 234 1900 anche
251 1876 279 1899 in
298 1877 338 1900 M.
358 1889 369 1894 -
388 1875 511 1900 detentis
529 1884 577 1901 om.
597 1877 684 1907 Mum,
702 1877 747 1901 Cr.
768 1890 799 1894 —
821 1875 874 1908 5-6.
893 1875 925 1899 de
940 1875 1056 1899 Mantua
1069 1877 1096 1899 et
1110 1876 1225 1899 Nicolao
1242 1875 1273 1899 de
1288 1877 1378 1900 Fredo
1397 1879 1444 1907 qui
1466 1877 1552 1907 Mum,
1572 1878 1632 1907 (ἵης
1646 1878 1679 1901 de
1694 1877 1810 1902 Mantua
1828 1876 1860 1900 de
1881 1876 1981 1901 Fredo.

154 1918 234 1951 Dego
252 1921 279 1943 et
292 1919 426 1944 Albeciuo
446 1919 480 1944 de
499 1921 587 1945 Fredo
601 1921 642 1945 ivl.
663 1934 694 1937 —
709 1919 733 1944 6.
753 1921 832 1944 Dozo
850 1920 884 1944 Α.
900 1932 931 1936 -
945 1926 970 1950 9.
990 1920 1023 1942 de
1043 1919 1119 1943 dicto
1140 1920 1227 1948 Mun„
1248 1921 1293 1944 Cr.
1309 1933 1339 1937 -
1358 1927 1396 1951 1⁴·
1416 1921 1448 1945 A.
1468 1922 1551 1951 nycte
1570 1921 1693 1952 legatum
1713 1921 1778 1951 dopo
1792 1921 1936 1944 Bononiae
1950 1932 1982 1936 ——

157 1968 197 1993 15.
210 1962 348 1995 Pergami]
361 1964 389 1988 in
409 1964 440 1987 Α.
455 1964 618 1995 Pergamum
638 1965 651 1988 ὲ
669 1971 737 1988 corr.
756 1971 784 1988 su
804 1963 944 1995 Pregnani
958 1963 1064 1987 cancell.
1078 1976 1110 1980 —
1128 1963 1214 1995 15-16.
1233 1964 1261 1987 et
1273 1971 1323 1995 per
1335 1971 1384 1988 om.
1397 1964 1486 1993 MUR.¹
1501 1965 1544 1989 Cr.
1561 1978 1592 1981 —
1610 1964 1648 1988 16.
1668 1965 1813 1989 dominum
1827 1963 1982 1988 Gulelmum

111 2011 124 2038 5
157 2006 190 2030 de
210 2006 397 2032 Casti-abarce
417 2008 545 2032 vicarios
565 2008 616 2039 A.3
635 2007 748 2032 domino
769 2007 899 2032 Guielmo
919 2007 951 2030 de
965 2006 1152 2031 Castrabarco
1166 2007 1283 2031 Vicario
1303 2008 1390 2038 Mun„
1411 2010 1457 2033 Cr.
1478 2022 1508 2025 —
1532 2015 1570 2040 17.
1590 2009 1796 2040 Henghirarnus
1815 2009 1902 2035 Mun..
1923 2008 1982 2036 Cr.·‚

156 2051 314 2083 Enghrame
334 2052 373 2075 M.
395 2065 425 2069 —
443 2058 532 2084 ¹9·²0·
551 2052 689 2076 Mutinam
709 2052 796 2082 Mun„
817 2053 864 2077 Cr.
884 2065 914 2069 -—
936 2057 977 2075 21.
995 2051 1028 2075 de
1047 2059 1094 2075 om.
1115 2051 1191 2076 Mun.
1212 2065 1244 2069 —
1266 2058 1306 2075 22.
1327 2052 1501 2085 Raynaldus]
1522 2052 1572 2077 cosi
1594 2054 1680 2083 Mum,
1701 2054 1755 2083 Cn,
1776 2053 1831 2081 M.;
1845 2051 1983 2084 Raymnn-

156 2094 207 2119 dus
219 2095 252 2119 A.
266 2107 276 2113 -
291 2096 394 2127 incepit
412 2096 460 2126 A.;
479 2096 574 2129 coepit
592 2097 678 2126 Mur<¹⁷
697 2096 756 2126 σῇς
777 2096 941 2127 inceperunt
961 2096 1001 2120 M.
1016 2108 1048 2113 —-
1062 2101 1103 2126 23.
1123 2095 1166 2127 iij]
1181 2103 1196 2127 4
1209 2096 1250 2125 A„
1266 2097 1352 2126 Mum,
1367 2097 1429 2126 Cr.;
1443 2105 1485 2121 ma
1498 2097 1530 2130 iij
1545 2098 1578 2121 lm
1592 2098 1629 2121 M.
1644 2106 1657 2119 r
1671 2098 1836 2129 -Juvlginrno
1843 2096 1878 2129 fu
1892 2096 1983 2120 sabaeo

159 2151 191 2155 —
206 2144 248 2170 ²4·
268 2139 384 2163 matinis
402 2139 435 2164 A.

98 2279 130 2298 10

102 2487 133 2513 15

106 2697 140 2715 20

112 2906 142 2932 ²5

246 2237 253 2253 ¹
273 2238 326 2262 Nei
344 2239 442 2271 giomi
462 2239 491 2262 in
514 2239 577 2263 fatti
598 2239 648 2263 che
668 2240 819 2270 seguirono
840 2240 895 2263 3113
910 2242 1043 2271 partenza

157 2278 201 2302 del
222 2279 320 2310 Caymi
341 2279 397 2303 fino
417 2280 474 2303 alla
493 2281 595 2304 venuta
616 2280 660 2303 del
680 2280 795 2312 Belayre
814 2281 929 2310 sembra,
955 2281 1004 2305 che
1025 2281 1044 2304 il

157 2329 285 2354 governo
301 2323 374 2346 fosse
387 2325 504 2346 assunto
518 2323 551 2346 da
566 2323 655 2346 Bocca
669 2323 712 2346 de'
725 2322 920 2351 Boccabadati,
934 2323 1044 2355 leggen-

159 2363 220 2387 dosi
241 2364 285 2387 nei
306 2364 385 2387 Mem.
406 2364 431 2387 al
453 2363 486 2387 26
503 2365 627 2396 giugno:
649 2364 662 2376 ’Ὺ
674 2363 829 2388 Coram....
846 2366 874 2388 in
890 2365 986 2389 diebus
1000 2365 1045 2388 de-

161 2405 287 2437 “legatis
306 2412 322 2429 a
341 2406 456 2429 domino
477 2405 569 2429 Bocha
590 2406 622 2429 de
651 2406 854 2430 Bochabadatis
876 2408 908 2430 de
933 2407 1046 2430 Mutina

163 2445 328 2470 “Auditore
350 2447 375 2470 d.
402 2445 510 2471 Caruili
532 2448 715 2479 primogeniti
743 2448 914 2472 serenissimi
935 2448 1045 2472 domini

164 2487 320 2519 “Johannis
345 2489 387 2512 dei
408 2490 500 2520 gratia
526 2488 612 2520 Regis
631 2489 762 2512 Boemiae
786 2491 814 2513 et
846 2489 994 2513 Polloniae
1021 2492 1048 2513 et

165 2527 244 2553 “dni.
271 2529 408 2554 Civitatis
435 2530 560 2554 Mutinae
570 2549 592 2561 ,‚.
632 2531 669 2554 La
700 2537 791 2554 nuova
819 2532 977 2562 podesteria
1003 2532 1047 2555 dcl

165 2570 278 2596 Belavre
303 2570 373 2595 duro
399 2571 451 2596 due
471 2573 537 2596 anni
559 2572 591 2596 ed
619 2570 633 2595 'e
653 2572 848 2596 documentata
878 2574 941 2596 sino
969 2575 996 2597 al
1016 2581 1050 2605 30

164 2613 272 2645 giugno
292 2620 359 2644 1334
378 2621 431 2638 con
461 2614 656 2646 reglstrazioni
687 2614 736 2637 che
757 2616 935 2639 cominciano
965 2614 985 2640 il
1006 2624 1049 2639 ve-

167 2653 246 2678 nerdl
266 2662 281 2687 3
301 2655 392 2686 luglio
415 2661 479 2687 1332
501 2662 552 2679 con
574 2654 797 2679 l'intestazione:
819 2656 966 2688 “tempore
992 2657 1050 2680 dni.

169 2694 181 2708 ‘⁴
194 2695 266 2728 Cim
285 2695 318 2720 de
335 2697 451 2728 Belayre
470 2704 520 2728 pro
534 2696 621 2729 Regia
635 2697 783 2721 Maiestate
802 2697 932 2721 Boemiae
951 2698 1051 2722 honor,

171 2737 254 2768 “pot.
273 2738 327 2761 civ.
346 2738 474 2762 Mutinae
484 2756 507 2768 „.
538 2738 639 2770 (Mem,
659 2746 682 2762 a.
707 2745 779 2769 1332,
800 2739 818 2766 Ι,
839 2747 885 2762 nn.
909 2746 929 2766 1,
950 2747 991 2771 49,
1011 2739 1052 2766 66,

174 2785 229 2811 179,
248 2785 300 2810 450
318 2786 385 2807 ecc:
407 2787 430 2804 a.
453 2780 564 2811 1333,1,
587 2788 632 2803 nn.
656 2787 676 2808 1,
697 2786 736 2810 51,
761 2786 816 2811 135,
839 2786 894 2811 ¹73-
915 2787 974 2812 217,
995 2788 1053 2812 310.

171 2828 221 2853 403
235 2821 348 2849 ecc.;11v
364 2829 409 2845 1111.
434 2829 454 2848 1,
478 2830 515 2853 ¹4·
535 2830 576 2853 43.
597 2821 638 2851 80,
659 2822 699 2854 83,
718 2830 772 2853 133-
788 2822 845 2849 218,
859 2832 963 2849 ec‹1.;a.
981 2831 1053 2856 1334·

172 2862 204 2891 ΙΙ,
232 2870 277 2885 nn.
307 2870 327 2892 1,
346 2869 388 2895 92,
411 2870 467 2895 139,
488 2869 545 2894 245.
566 2869 617 2894 350
636 2871 703 2891 (τας
725 2871 776 2887 con
798 2865 823 2887 le
844 2865 926 2888 solite
949 2864 1055 2889 vai-ieta

171 2903 289 2935 grafiche
309 2905 350 2927 del
373 2905 528 2936 cognome).

260 2944 270 2960 ²
291 2945 348 2969 Csr.
367 2947 503 2977 addietro,
526 2955 550 2978 p.
575 2954 630 2978 103,
650 2948 679 2970 11,
703 2954 787 2980 14·17,

1186 2239 1196 2255 ³
1215 2240 1341 2264 Secondo
1355 2241 1425 2265 altre
1440 2242 1522 2269 sonti,
1544 2242 1569 2265 la
1583 2249 1662 2274 presa
1677 2242 1719 2265 del
1735 2242 1851 2266 castello
1870 2242 1898 2266 di
1919 2241 1981 2265 Ber-

1099 2290 1180 2313 gamo
1192 2283 1221 2306 fu
1237 2283 1303 2314 i127
1323 2284 1486 2311 settembre;
1508 2285 1541 2307 cs.
1563 2282 1595 2307 G.
1616 2283 1751 2311 mem,
1771 2285 1936 2314 opusculum,
1954 2285 1982 2307 in

1101 2325 1164 2348 RR.
1188 2326 1224 2348 ΙΙ.
1247 2325 1304 2355 SS„
1326 2324 1384 2352 XII,
1405 2326 1457 2349 col.
1475 2331 1557 2355 1005:
1580 2327 1671 2349 471νο71Δ
1693 2329 1748 2355 est„
1769 2326 1819 2355 ivi,
1839 2325 1898 2352 XV.
1925 2332 1983 2357 392.

1188 2366 1196 2381 ⁴
1217 2366 1238 2388 Il
1260 2366 1376 2390 castello
1395 2367 1423 2390 di
1445 2366 1579 2391 Gorzano
1597 2373 1643 2391 era
1662 2370 1736 2391 stato
1750 2375 1811 2391 reso
1825 2368 1851 2391 al
1868 2374 1985 2391 comune
2014 2367 2024 2375 “

1101 2407 1131 2430 di
1145 2407 1264 2431 Modena
1279 2408 1322 2430 nel
1341 2413 1419 2438 1327:
1434 2408 1617 2439 Engheramo,
1634 2409 1679 2432 nel
1693 2415 1744 2432 suo
1758 2410 1926 2432 testamento
1941 2408 1985 2432 del

1101 2457 1117 2481 9
1129 2449 1215 2480 aprile
1232 2455 1296 2480 1327
1311 2449 1410 2480 (Alerta,
1426 2457 1458 2477 a.,
1477 2456 1549 2481 1327,
1561 2451 1607 2474 cit.
1623 2451 1667 2474 dal
1682 2450 1870 2481 Tirahoschi),
1882 2449 1897 2474 ὲ
1908 2450 1985 2474 detto

1102 2491 1179 2522 figlio
1193 2491 1221 2514 di
1242 2491 1369 2515 Barnaba
1388 2493 1422 2515 da
1436 2490 1582 2516 Gorzano:
1598 2492 1693 2516 divide
1709 2494 1737 2516 in
1752 2495 1793 2516 tre
1807 2493 1878 2525 parti
1897 2492 1923 2516 la
1937 2499 1986 2516 sua

1103 2534 1283 2561 successione,
1299 2533 1332 2556 ed
1347 2541 1400 2557 una
1415 2541 1449 2557 ne
1460 2541 1573 2565 assegna
1590 2534 1603 2546 ‘⁴
1614 2542 1628 2558 a
1643 2534 1831 2561 Mansredino,
1845 2543 1859 2558 a
1873 2534 1986 2560 Matteo.

1106 2575 1146 2598 “a
1166 2574 1319 2605 Biacquino
1339 2582 1354 2598 e
1375 2583 1390 2598 a
1413 2575 1585 2606 Bardellino,
1606 2576 1727 2600 un‘altra
1746 2584 1762 2600 a
1781 2575 1954 2608 Spagnuolo,
1973 2582 1987 2599 e

1107 2618 1118 2628 ¹·
1131 2615 1253 2639 un’altra
1273 2616 1294 2639 a'
1315 2616 1372 2646 figli
1390 2616 1416 2639 di
1436 2617 1590 2643 Misineno.
1611 2618 1679 2640 tutti
1700 2618 1735 2641 da
1754 2616 1894 2647 Gorzano,
1915 2625 1928 2640 e
1942 2624 1987 2641 co—

1108 2659 1120 2669 “
1133 2658 1233 2681 manda
1253 2658 1302 2680 che
1321 2664 1348 2681 se
1361 2658 1463 2681 alcuno
1483 2658 1511 2681 di
1532 2660 1585 2682 essi
1607 2657 1686 2682 verra
1705 2666 1756 2682 con
1777 2659 1817 2690 gli
1838 2659 1903 2682 altri
1919 2666 1933 2683 a
1948 2660 1988 2682 di-

1109 2699 1121 2710 “
1133 2699 1244 2722 scordia
1264 2706 1312 2731 per
1331 2699 1370 2722 tal
1390 2700 1573 2729 successione,
1592 2700 1695 2724 decada
1715 2701 1759 2724 dal
1779 2708 1830 2725 suo
1845 2701 1955 2731 diritto,
1976 2708 1990 2724 e

1110 2741 1122 2753 “
1133 2741 1171 2772 gli
1194 2740 1349 2764 succedano
1362 2739 1529 2765 Guidinello
1544 2750 1557 2765 e
1577 2742 1616 2772 gli
1638 2742 1703 2766 altri
1724 2742 1799 2766 della
1813 2742 1941 2774 famiglia
1956 2743 1988 2767 da

1111 2782 1371 2813 “Mmstecuccolo„
1394 2782 1516 2814 (Tune,
1535 2784 1606 2809 Diz..
1627 2784 1646 2814 Ι,
1665 2783 1799 2816 357-358).

1196 2823 1206 2839 5
1227 2822 1334 2851 Questo
1361 2824 1553 2848 Manfredotto
1578 2832 1623 2849 era
1644 2827 1740 2857 nipote
1759 2826 1786 2849 di
1814 2825 1909 2850 Guido
1930 2826 1992 2853 Pio,

1110 2868 1202 2889 morto
1223 2866 1267 2889 nel
1291 2871 1353 2896 1337
1375 2865 1435 2896 (cfr.
1456 2873 1480 2899 p.
1504 2866 1560 2894 108,
1581 2874 1606 2890 n.
1629 2867 1661 2899 1).

1197 2906 1207 2922 ⁶
1226 2906 1284 2931 Csf-
1304 2907 1334 2930 Ρ·
1355 2907 1549 2934 (ῘΟΞΤΑΘΙᾸΝἰ.
1570 2909 1648 2932 Mem.
1669 2913 1730 2933 sior.
1752 2910 1780 2933 di
1800 2912 1824 2933 S.
1850 2911 1934 2933 Felice
1953 2913 1994 2934 sul

1111 2950 1226 2977 Panare,
1247 2949 1374 2977 Modena,
1398 2948 1470 2981 1890,
1490 2957 1535 2981 pp,
1556 2950 1640 2981 23-26‚

2043 415 2061 428 c.
2079 414 2132 432 54:

2045 1046 2064 1058 ς,
2080 1044 2107 1061 5⁴
2144 1038 2155 1055 l»

2028 1245 2101 1268 Risit..

2016 2574 2047 2602 35

2018 2784 2053 2810 40

2119 1250 2157 1267 595
