<?xml version="1.0" encoding="UTF-8"?>
<!DOCTYPE html PUBLIC "-//W3C//DTD XHTML 1.0 Transitional//EN"
    "http://www.w3.org/TR/xhtml1/DTD/xhtml1-transitional.dtd">
<html xmlns="http://www.w3.org/1999/xhtml" xml:lang="en" lang="en">
 <head>
  <title>
</title>
<meta http-equiv="Content-Type" content="text/html;charset=utf-8" />
  <meta name='ocr-system' content='tesseract 3.04.00' />
  <meta name='ocr-capabilities' content='ocr_page ocr_carea ocr_par ocr_line ocrx_word'/>
</head>
<body>
  <div class='ocr_page' id='page_1' title='image "./p4f2rerumitalica15murauoft_0130.png"; bbox 0 0 2318 3603; ppageno 0'>
   <div class='ocr_carea' id='block_1_1' title="bbox 265 1986 293 2002">
    <p class='ocr_par' dir='ltr' id='par_1_1' title="bbox 265 1986 293 2002">
     <span class='ocr_line' id='line_1_1' title="bbox 265 1986 293 2002; baseline 0.036 -1"><span class='ocrx_word' id='word_1_1' title='bbox 265 1986 293 2002; x_wconf 78' lang='lat'>10</span> 
     </span>
    </p>
   </div>
   <div class='ocr_carea' id='block_1_2' title="bbox 269 2242 295 2266">
    <p class='ocr_par' dir='ltr' id='par_1_2' title="bbox 269 2242 295 2266">
     <span class='ocr_line' id='line_1_2' title="bbox 269 2242 295 2266; baseline 0 0"><span class='ocrx_word' id='word_1_2' title='bbox 269 2242 295 2266; x_wconf 84' lang='lat'>¹5</span> 
     </span>
    </p>
   </div>
   <div class='ocr_carea' id='block_1_3' title="bbox 266 2453 297 2468">
    <p class='ocr_par' dir='ltr' id='par_1_3' title="bbox 266 2453 297 2468">
     <span class='ocr_line' id='line_1_3' title="bbox 266 2453 297 2468; baseline 0 0"><span class='ocrx_word' id='word_1_3' title='bbox 266 2453 297 2468; x_wconf 76' lang='lat'>20</span> 
     </span>
    </p>
   </div>
   <div class='ocr_carea' id='block_1_4' title="bbox 916 200 2153 246">
    <p class='ocr_par' dir='ltr' id='par_1_4' title="bbox 916 200 2153 246">
     <span class='ocr_line' id='line_1_4' title="bbox 916 200 2153 246; baseline 0.001 -8"><span class='ocrx_word' id='word_1_4' title='bbox 916 202 1233 238; x_wconf 90' lang='lat' dir='ltr'>CHRONICON</span> <span class='ocrx_word' id='word_1_5' title='bbox 1262 200 1570 239; x_wconf 82' lang='lat' dir='ltr'>MUTINENSE</span> <span class='ocrx_word' id='word_1_6' title='bbox 1988 212 2036 245; x_wconf 79' lang='lat' dir='ltr'>[A.</span> <span class='ocrx_word' id='word_1_7' title='bbox 2061 213 2153 246; x_wconf 71' lang='lat'>1343]</span> 
     </span>
    </p>
   </div>
   <div class='ocr_carea' id='block_1_5' title="bbox 328 276 2152 287">
    <p class='ocr_par' dir='ltr' id='par_1_5' title="bbox 328 276 2152 287">
     <span class='ocr_line' id='line_1_5' title="bbox 328 276 2152 287; baseline 0.001 -3"><span class='ocrx_word' id='word_1_8' title='bbox 328 276 2152 287; x_wconf 42' lang='lat'>..........................................................................................................................................................................................................</span> 
     </span>
    </p>
   </div>
   <div class='ocr_carea' id='block_1_6' title="bbox 321 323 2159 1473">
    <p class='ocr_par' dir='ltr' id='par_1_6' title="bbox 321 323 2159 1473">
     <span class='ocr_line' id='line_1_6' title="bbox 324 323 2152 365; baseline 0.001 -9"><span class='ocrx_word' id='word_1_9' title='bbox 324 325 480 356; x_wconf 89' lang='lat' dir='ltr'>dominus</span> <span class='ocrx_word' id='word_1_10' title='bbox 505 324 667 356; x_wconf 88' lang='lat' dir='ltr'>Gibertus</span> <span class='ocrx_word' id='word_1_11' title='bbox 690 324 734 355; x_wconf 89' lang='lat' dir='ltr'>de</span> <span class='ocrx_word' id='word_1_12' title='bbox 759 323 886 355; x_wconf 85' lang='lat' dir='ltr'>Sancto</span> <span class='ocrx_word' id='word_1_13' title='bbox 910 323 1025 360; x_wconf 85' lang='lat' dir='ltr'>vitali,</span> <span class='ocrx_word' id='word_1_14' title='bbox 1049 323 1206 354; x_wconf 87' lang='lat' dir='ltr'>dominus</span> <span class='ocrx_word' id='word_1_15' title='bbox 1229 323 1334 365; x_wconf 84' lang='lat' dir='ltr'>[Ugo]</span> <span class='ocrx_word' id='word_1_16' title='bbox 1357 324 1534 356; x_wconf 85' lang='lat' dir='ltr'>Vecchius</span> <span class='ocrx_word' id='word_1_17' title='bbox 1551 325 1592 355; x_wconf 91' lang='lat' dir='ltr'>de</span> <span class='ocrx_word' id='word_1_18' title='bbox 1617 325 1758 362; x_wconf 84' lang='lat' dir='ltr'>Rubeis,</span> <span class='ocrx_word' id='word_1_19' title='bbox 1784 325 1975 357; x_wconf 83' lang='lat' dir='ltr'>Sandrinus</span> <span class='ocrx_word' id='word_1_20' title='bbox 2000 326 2152 363; x_wconf 85' lang='lat' dir='ltr'>Baratus‚</span> 
     </span>
     <span class='ocr_line' id='line_1_7' title="bbox 324 374 2153 420; baseline 0 -11"><span class='ocrx_word' id='word_1_21' title='bbox 324 376 492 419; x_wconf 86' lang='lat' dir='ltr'>Ugolinus</span> <span class='ocrx_word' id='word_1_22' title='bbox 504 376 621 417; x_wconf 86' lang='lat' dir='ltr'>Lupus</span> <span class='ocrx_word' id='word_1_23' title='bbox 634 382 667 407; x_wconf 90' lang='lat' dir='ltr'>et</span> <span class='ocrx_word' id='word_1_24' title='bbox 680 374 910 407; x_wconf 86' lang='lat' dir='ltr'>Brandalisius</span> <span class='ocrx_word' id='word_1_25' title='bbox 920 376 963 407; x_wconf 88' lang='lat' dir='ltr'>de</span> <span class='ocrx_word' id='word_1_26' title='bbox 976 375 1119 406; x_wconf 88' lang='lat' dir='ltr'>Marano</span> <span class='ocrx_word' id='word_1_27' title='bbox 1131 376 1139 394; x_wconf 92' lang='lat'>¹</span> <span class='ocrx_word' id='word_1_28' title='bbox 1154 385 1231 406; x_wconf 88' lang='lat' dir='ltr'>cum</span> <span class='ocrx_word' id='word_1_29' title='bbox 1246 376 1349 406; x_wconf 87' lang='lat' dir='ltr'>certis</span> <span class='ocrx_word' id='word_1_30' title='bbox 1361 377 1435 407; x_wconf 90' lang='lat' dir='ltr'>aliis</span> <span class='ocrx_word' id='word_1_31' title='bbox 1451 376 1689 408; x_wconf 86' lang='lat' dir='ltr'>Parmensibus</span> <span class='ocrx_word' id='word_1_32' title='bbox 1702 378 1902 409; x_wconf 78' lang='lat' dir='ltr'><strong>extrinsecis</strong></span> <span class='ocrx_word' id='word_1_33' title='bbox 1915 379 2153 420; x_wconf 83' lang='lat' dir='ltr'>equitaverunt</span> 
     </span>
     <span class='ocr_line' id='line_1_8' title="bbox 323 428 2154 471; baseline 0.001 -12"><span class='ocrx_word' id='word_1_34' title='bbox 323 429 479 460; x_wconf 87' lang='lat' dir='ltr'><strong>Parmam</strong></span> <span class='ocrx_word' id='word_1_35' title='bbox 504 434 649 460; x_wconf 78' lang='lat' dir='ltr'>tractatu</span> <span class='ocrx_word' id='word_1_36' title='bbox 673 428 823 460; x_wconf 86' lang='lat' dir='ltr'>habendi</span> <span class='ocrx_word' id='word_1_37' title='bbox 848 429 975 460; x_wconf 91' lang='lat' dir='ltr'>dictam</span> <span class='ocrx_word' id='word_1_38' title='bbox 1001 428 1177 459; x_wconf 82' lang='lat' dir='ltr'>civitatem</span> <span class='ocrx_word' id='word_1_39' title='bbox 1202 428 1344 459; x_wconf 85' lang='lat' dir='ltr'>Parmae</span> <span class='ocrx_word' id='word_1_40' title='bbox 1367 439 1443 460; x_wconf 90' lang='lat' dir='ltr'>cum</span> <span class='ocrx_word' id='word_1_41' title='bbox 1460 430 1618 471; x_wconf 82' lang='lat' dir='ltr'>gentibus</span> <span class='ocrx_word' id='word_1_42' title='bbox 1636 431 1766 462; x_wconf 88' lang='lat' dir='ltr'>domini</span> <span class='ocrx_word' id='word_1_43' title='bbox 1783 430 2008 468; x_wconf 88' lang='lat' dir='ltr'>Marchionis,</span> <span class='ocrx_word' id='word_1_44' title='bbox 2027 431 2154 463; x_wconf 87' lang='lat' dir='ltr'>domini</span> 
     </span>
     <span class='ocr_line' id='line_1_9' title="bbox 323 480 2154 526; baseline 0.001 -13"><span class='ocrx_word' id='word_1_45' title='bbox 323 482 463 513; x_wconf 88' lang='lat' dir='ltr'>Mastini</span> <span class='ocrx_word' id='word_1_46' title='bbox 490 488 523 512; x_wconf 88' lang='lat' dir='ltr'>et</span> <span class='ocrx_word' id='word_1_47' title='bbox 547 481 678 512; x_wconf 90' lang='lat' dir='ltr'>domini</span> <span class='ocrx_word' id='word_1_48' title='bbox 703 480 889 519; x_wconf 81' lang='lat' dir='ltr'>Bononiae,</span> <span class='ocrx_word' id='word_1_49' title='bbox 914 491 1054 512; x_wconf 88' lang='lat' dir='ltr'>numero</span> <span class='ocrx_word' id='word_1_50' title='bbox 1079 481 1170 512; x_wconf 87' lang='lat' dir='ltr'>mille</span> <span class='ocrx_word' id='word_1_51' title='bbox 1196 482 1359 523; x_wconf 88' lang='lat' dir='ltr'>equitum,</span> <span class='ocrx_word' id='word_1_52' title='bbox 1385 487 1418 513; x_wconf 90' lang='lat' dir='ltr'>et</span> <span class='ocrx_word' id='word_1_53' title='bbox 1443 483 1582 514; x_wconf 79' lang='lat' dir='ltr'>fuerunt</span> <span class='ocrx_word' id='word_1_54' title='bbox 1606 494 1712 525; x_wconf 87' lang='lat' dir='ltr'>usque</span> <span class='ocrx_word' id='word_1_55' title='bbox 1730 484 1773 514; x_wconf 92' lang='lat' dir='ltr'>ad</span> <span class='ocrx_word' id='word_1_56' title='bbox 1791 483 1935 515; x_wconf 84' lang='lat' dir='ltr'>Pontem</span> <span class='ocrx_word' id='word_1_57' title='bbox 1959 484 2002 514; x_wconf 92' lang='lat' dir='ltr'>de</span> <span class='ocrx_word' id='word_1_58' title='bbox 2027 483 2154 526; x_wconf 70' lang='lat' dir='ltr'>l’Enca</span> 
     </span>
     <span class='ocr_line' id='line_1_10' title="bbox 322 534 2154 574; baseline 0 -8"><span class='ocrx_word' id='word_1_59' title='bbox 322 541 355 566; x_wconf 90' lang='lat' dir='ltr'>et</span> <span class='ocrx_word' id='word_1_60' title='bbox 378 534 455 565; x_wconf 90' lang='lat' dir='ltr'>inde</span> <span class='ocrx_word' id='word_1_61' title='bbox 480 534 654 566; x_wconf 86' lang='lat' dir='ltr'>redierunt</span> <span class='ocrx_word' id='word_1_62' title='bbox 678 534 734 566; x_wconf 88' lang='lat' dir='ltr'>die</span> <span class='ocrx_word' id='word_1_63' title='bbox 759 534 852 566; x_wconf 86' lang='lat' dir='ltr'>dicto</span> <span class='ocrx_word' id='word_1_64' title='bbox 876 544 911 566; x_wconf 91' lang='lat' dir='ltr'>se</span> <span class='ocrx_word' id='word_1_65' title='bbox 935 534 1064 565; x_wconf 88' lang='lat' dir='ltr'>nichilo</span> <span class='ocrx_word' id='word_1_66' title='bbox 1088 540 1244 574; x_wconf 82' lang='lat' dir='ltr'>operat03</span> <span class='ocrx_word' id='word_1_67' title='bbox 1271 534 1367 565; x_wconf 82' lang='lat' dir='ltr'>cuius</span> <span class='ocrx_word' id='word_1_68' title='bbox 1390 535 1552 566; x_wconf 85' lang='lat' dir='ltr'>novitatis</span> <span class='ocrx_word' id='word_1_69' title='bbox 1576 535 1686 567; x_wconf 86' lang='lat' dir='ltr'>causa&#39;</span> <span class='ocrx_word' id='word_1_70' title='bbox 1711 536 1840 567; x_wconf 90' lang='lat' dir='ltr'>domini</span> <span class='ocrx_word' id='word_1_71' title='bbox 1865 535 1992 573; x_wconf 81' lang='lat' dir='ltr'>Guido,</span> <span class='ocrx_word' id='word_1_72' title='bbox 2025 536 2154 573; x_wconf 85' lang='lat' dir='ltr'>Simon,</span> 
     </span>
     <span class='ocr_line' id='line_1_11' title="bbox 324 586 2157 629; baseline 0 -11"><span class='ocrx_word' id='word_1_73' title='bbox 324 587 502 625; x_wconf 87' lang='lat' dir='ltr'>Iohannes,</span> <span class='ocrx_word' id='word_1_74' title='bbox 514 586 589 629; x_wconf 74' lang='lat' dir='ltr'>Aco</span> <span class='ocrx_word' id='word_1_75' title='bbox 606 587 731 618; x_wconf 78' lang='lat' dir='ltr'>fratres</span> <span class='ocrx_word' id='word_1_76' title='bbox 748 587 791 618; x_wconf 89' lang='lat' dir='ltr'>de</span> <span class='ocrx_word' id='word_1_77' title='bbox 808 586 950 628; x_wconf 87' lang='lat' dir='ltr'>Corigia</span> <span class='ocrx_word' id='word_1_78' title='bbox 966 586 1051 618; x_wconf 76' lang='lat' dir='ltr'>facti</span> <span class='ocrx_word' id='word_1_79' title='bbox 1067 587 1206 618; x_wconf 76' lang='lat' dir='ltr'>fuerunt</span> <span class='ocrx_word' id='word_1_80' title='bbox 1222 587 1350 618; x_wconf 87' lang='lat' dir='ltr'>domini</span> <span class='ocrx_word' id='word_1_81' title='bbox 1367 588 1543 629; x_wconf 79' lang='lat' dir='ltr'><strong>generales</strong></span> <span class='ocrx_word' id='word_1_82' title='bbox 1560 588 1709 620; x_wconf 85' lang='lat' dir='ltr'>civitatis</span> <span class='ocrx_word' id='word_1_83' title='bbox 1722 589 1865 620; x_wconf 87' lang='lat' dir='ltr'>Parmae</span> <span class='ocrx_word' id='word_1_84' title='bbox 1880 588 2084 620; x_wconf 84' lang='lat' dir='ltr'>unanimiter</span> <span class='ocrx_word' id='word_1_85' title='bbox 2094 598 2157 629; x_wconf 90' lang='lat' dir='ltr'>per</span> 
     </span>
     <span class='ocr_line' id='line_1_12' title="bbox 323 639 2155 681; baseline 0.001 -10"><span class='ocrx_word' id='word_1_86' title='bbox 323 639 485 681; x_wconf 90' lang='lat' dir='ltr'>populum</span> <span class='ocrx_word' id='word_1_87' title='bbox 501 639 608 680; x_wconf 89' lang='lat' dir='ltr'>ipsius</span> <span class='ocrx_word' id='word_1_88' title='bbox 624 639 781 677; x_wconf 84' lang='lat' dir='ltr'>civitatis,</span> <span class='ocrx_word' id='word_1_89' title='bbox 800 640 871 680; x_wconf 83' lang='lat' dir='ltr'>[qui</span> <span class='ocrx_word' id='word_1_90' title='bbox 887 639 1041 681; x_wconf 86' lang='lat' dir='ltr'>propter]</span> <span class='ocrx_word' id='word_1_91' title='bbox 1059 639 1187 670; x_wconf 88' lang='lat' dir='ltr'>dictam</span> <span class='ocrx_word' id='word_1_92' title='bbox 1205 639 1417 671; x_wconf 85' lang='lat' dir='ltr'>cavalcatam</span> <span class='ocrx_word' id='word_1_93' title='bbox 1434 640 1559 672; x_wconf 88' lang='lat' dir='ltr'>nullam</span> <span class='ocrx_word' id='word_1_94' title='bbox 1577 642 1763 672; x_wconf 80' lang='lat' dir='ltr'>novitatem</span> <span class='ocrx_word' id='word_1_95' title='bbox 1780 641 1938 672; x_wconf 80' lang='lat' dir='ltr'>fecerunt</span> <span class='ocrx_word' id='word_1_96' title='bbox 1956 651 2020 672; x_wconf 92' lang='lat' dir='ltr'>nec</span> <span class='ocrx_word' id='word_1_97' title='bbox 2037 641 2155 672; x_wconf 77' lang='lat' dir='ltr'>facere</span> 
     </span>
     <span class='ocr_line' id='line_1_13' title="bbox 323 691 2155 735; baseline 0.002 -13"><span class='ocrx_word' id='word_1_98' title='bbox 323 692 550 733; x_wconf 85' lang='lat' dir='ltr'>permiserunt</span> <span class='ocrx_word' id='word_1_99' title='bbox 574 698 693 723; x_wconf 87' lang='lat' dir='ltr'>contra</span> <span class='ocrx_word' id='word_1_100' title='bbox 723 693 872 734; x_wconf 84' lang='lat' dir='ltr'>aliquem</span> <span class='ocrx_word' id='word_1_101' title='bbox 905 693 1014 723; x_wconf 79' lang='lat' dir='ltr'>civem</span> <span class='ocrx_word' id='word_1_102' title='bbox 1041 691 1188 724; x_wconf 87' lang='lat' dir='ltr'>civitatis</span> <span class='ocrx_word' id='word_1_103' title='bbox 1211 692 1320 733; x_wconf 85' lang='lat' dir='ltr'>ipsius</span> <span class='ocrx_word' id='word_1_104' title='bbox 1334 691 1355 723; x_wconf 74' lang='lat'>².</span> <span class='ocrx_word' id='word_1_105' title='bbox 1404 693 1505 723; x_wconf 89' lang='lat' dir='ltr'>Tunc</span> <span class='ocrx_word' id='word_1_106' title='bbox 1531 693 1585 724; x_wconf 90' lang='lat' dir='ltr'>die</span> <span class='ocrx_word' id='word_1_107' title='bbox 1609 694 1723 725; x_wconf 87' lang='lat' dir='ltr'>martis</span> <span class='ocrx_word' id='word_1_108' title='bbox 1746 694 1851 735; x_wconf 81' lang='lat' dir='ltr'>xxviij</span> <span class='ocrx_word' id='word_1_109' title='bbox 1877 693 2022 724; x_wconf 86' lang='lat' dir='ltr'>ianuarii</span> <span class='ocrx_word' id='word_1_110' title='bbox 2047 699 2080 725; x_wconf 82' lang='lat' dir='ltr'>et</span> <span class='ocrx_word' id='word_1_111' title='bbox 2103 704 2155 725; x_wconf 88' lang='lat' dir='ltr'>se-</span> 
     </span>
     <span class='ocr_line' id='line_1_14' title="bbox 323 743 2154 787; baseline 0.001 -12"><span class='ocrx_word' id='word_1_112' title='bbox 323 745 437 786; x_wconf 90' lang='lat' dir='ltr'>quenti</span> <span class='ocrx_word' id='word_1_113' title='bbox 463 744 519 776; x_wconf 91' lang='lat' dir='ltr'>die</span> <span class='ocrx_word' id='word_1_114' title='bbox 550 744 710 776; x_wconf 87' lang='lat' dir='ltr'>mercurii</span> <span class='ocrx_word' id='word_1_115' title='bbox 740 745 928 786; x_wconf 86' lang='lat' dir='ltr'>supradicti</span> <span class='ocrx_word' id='word_1_116' title='bbox 961 744 1170 776; x_wconf 87' lang='lat' dir='ltr'>Theutonici</span> <span class='ocrx_word' id='word_1_117' title='bbox 1195 745 1264 775; x_wconf 90' lang='lat' dir='ltr'>sive</span> <span class='ocrx_word' id='word_1_118' title='bbox 1289 743 1516 787; x_wconf 83' lang='lat' dir='ltr'>Compagnia,</span> <span class='ocrx_word' id='word_1_119' title='bbox 1542 756 1685 787; x_wconf 90' lang='lat' dir='ltr'>quorum</span> <span class='ocrx_word' id='word_1_120' title='bbox 1711 752 1814 787; x_wconf 85' lang='lat' dir='ltr'>caput</span> <span class='ocrx_word' id='word_1_121' title='bbox 1839 752 1872 777; x_wconf 92' lang='lat' dir='ltr'>et</span> <span class='ocrx_word' id='word_1_122' title='bbox 1897 746 1965 777; x_wconf 85' lang='lat' dir='ltr'>dux</span> <span class='ocrx_word' id='word_1_123' title='bbox 1989 752 2062 778; x_wconf 91' lang='lat' dir='ltr'>erat</span> <span class='ocrx_word' id='word_1_124' title='bbox 2086 746 2154 778; x_wconf 82' lang='lat' dir='ltr'>dux</span> 
     </span>
     <span class='ocr_line' id='line_1_15' title="bbox 323 796 2156 840; baseline 0.001 -12"><span class='ocrx_word' id='word_1_125' title='bbox 323 798 518 829; x_wconf 87' lang='lat' dir='ltr'>Guarnerus</span> <span class='ocrx_word' id='word_1_126' title='bbox 541 803 576 829; x_wconf 87' lang='lat' dir='ltr'>et</span> <span class='ocrx_word' id='word_1_127' title='bbox 597 797 855 830; x_wconf 82' lang='lat' dir='ltr'>Mareschalcus</span> <span class='ocrx_word' id='word_1_128' title='bbox 867 796 889 835; x_wconf 66' lang='lat'>⁹,</span> <span class='ocrx_word' id='word_1_129' title='bbox 914 803 947 829; x_wconf 87' lang='lat' dir='ltr'>et</span> <span class='ocrx_word' id='word_1_130' title='bbox 972 798 1108 829; x_wconf 88' lang='lat' dir='ltr'>fuerunt</span> <span class='ocrx_word' id='word_1_131' title='bbox 1132 808 1273 829; x_wconf 82' lang='lat' dir='ltr'>numero</span> <span class='ocrx_word' id='word_1_132' title='bbox 1296 797 1361 829; x_wconf 88' lang='lat' dir='ltr'>tria</span> <span class='ocrx_word' id='word_1_133' title='bbox 1377 798 1472 829; x_wconf 81' lang='lat' dir='ltr'>milia</span> <span class='ocrx_word' id='word_1_134' title='bbox 1488 798 1693 840; x_wconf 86' lang='lat' dir='ltr'>quingentae</span> <span class='ocrx_word' id='word_1_135' title='bbox 1708 798 1871 831; x_wconf 87' lang='lat' dir='ltr'>barbutae</span> <span class='ocrx_word' id='word_1_136' title='bbox 1888 805 1921 831; x_wconf 91' lang='lat' dir='ltr'>et</span> <span class='ocrx_word' id='word_1_137' title='bbox 1937 799 2030 830; x_wconf 91' lang='lat' dir='ltr'>mille</span> <span class='ocrx_word' id='word_1_138' title='bbox 2047 808 2156 830; x_wconf 87' lang='lat' dir='ltr'>mere-</span> 
     </span>
     <span class='ocr_line' id='line_1_16' title="bbox 323 850 2158 892; baseline 0.001 -11"><span class='ocrx_word' id='word_1_139' title='bbox 323 850 436 887; x_wconf 85' lang='lat' dir='ltr'>trices,</span> <span class='ocrx_word' id='word_1_140' title='bbox 460 850 590 892; x_wconf 86' lang='lat' dir='ltr'>ragacii</span> <span class='ocrx_word' id='word_1_141' title='bbox 615 856 648 882; x_wconf 90' lang='lat' dir='ltr'>et</span> <span class='ocrx_word' id='word_1_142' title='bbox 670 850 805 882; x_wconf 87' lang='lat' dir='ltr'>rubaldi</span> <span class='ocrx_word' id='word_1_143' title='bbox 829 851 918 888; x_wconf 86' lang='lat' dir='ltr'>satis,</span> <span class='ocrx_word' id='word_1_144' title='bbox 943 857 1109 882; x_wconf 88' lang='lat' dir='ltr'>venerunt</span> <span class='ocrx_word' id='word_1_145' title='bbox 1132 851 1165 881; x_wconf 92' lang='lat' dir='ltr'>in</span> <span class='ocrx_word' id='word_1_146' title='bbox 1191 850 1347 882; x_wconf 91' lang='lat' dir='ltr'>districtu</span> <span class='ocrx_word' id='word_1_147' title='bbox 1370 850 1526 882; x_wconf 84' lang='lat' dir='ltr'>Mutinae</span> <span class='ocrx_word' id='word_1_148' title='bbox 1549 857 1582 882; x_wconf 89' lang='lat' dir='ltr'>et</span> <span class='ocrx_word' id='word_1_149' title='bbox 1607 851 1837 883; x_wconf 86' lang='lat' dir='ltr'>castrametati</span> <span class='ocrx_word' id='word_1_150' title='bbox 1861 852 2000 883; x_wconf 82' lang='lat' dir='ltr'>fuerunt</span> <span class='ocrx_word' id='word_1_151' title='bbox 2017 852 2052 882; x_wconf 90' lang='lat' dir='ltr'>in</span> <span class='ocrx_word' id='word_1_152' title='bbox 2077 851 2158 882; x_wconf 88' lang='lat' dir='ltr'>villa</span> 
     </span>
     <span class='ocr_line' id='line_1_17' title="bbox 321 902 2153 947; baseline 0.001 -13"><span class='ocrx_word' id='word_1_153' title='bbox 321 903 543 940; x_wconf 75' lang='lat' dir='ltr'>Columbarfi,</span> <span class='ocrx_word' id='word_1_154' title='bbox 577 902 753 941; x_wconf 87' lang='lat' dir='ltr'>Muntalis‚</span> <span class='ocrx_word' id='word_1_155' title='bbox 784 903 962 947; x_wconf 66' lang='lat' dir='ltr'>Mugnaffi,</span> <span class='ocrx_word' id='word_1_156' title='bbox 996 903 1214 946; x_wconf 86' lang='lat' dir='ltr'>Formiginis‚</span> <span class='ocrx_word' id='word_1_157' title='bbox 1246 903 1417 940; x_wconf 83' lang='lat' dir='ltr'>Casnalbi‚</span> <span class='ocrx_word' id='word_1_158' title='bbox 1451 903 1546 935; x_wconf 87' lang='lat' dir='ltr'>Curli</span> <span class='ocrx_word' id='word_1_159' title='bbox 1578 904 1772 945; x_wconf 86' lang='lat' dir='ltr'>superioris,</span> <span class='ocrx_word' id='word_1_160' title='bbox 1805 904 1990 946; x_wconf 67' lang='lat' dir='ltr'>Baeuariae</span> <span class='ocrx_word' id='word_1_161' title='bbox 2023 910 2153 946; x_wconf 85' lang='lat' dir='ltr'>septem</span> 
     </span>
     <span class='ocr_line' id='line_1_18' title="bbox 321 955 2157 999; baseline 0.001 -13"><span class='ocrx_word' id='word_1_162' title='bbox 321 955 441 987; x_wconf 89' lang='lat' dir='ltr'>diebus</span> <span class='ocrx_word' id='word_1_163' title='bbox 465 963 498 988; x_wconf 88' lang='lat' dir='ltr'>et</span> <span class='ocrx_word' id='word_1_164' title='bbox 522 957 661 988; x_wconf 74' lang='lat' dir='ltr'>faenum</span> <span class='ocrx_word' id='word_1_165' title='bbox 685 963 718 988; x_wconf 90' lang='lat' dir='ltr'>et</span> <span class='ocrx_word' id='word_1_166' title='bbox 740 957 807 988; x_wconf 86' lang='lat' dir='ltr'>alia</span> <span class='ocrx_word' id='word_1_167' title='bbox 830 963 1025 991; x_wconf 85' lang='lat' dir='ltr'>stramenta,</span> <span class='ocrx_word' id='word_1_168' title='bbox 1050 956 1166 987; x_wconf 81' lang='lat' dir='ltr'>vinum</span> <span class='ocrx_word' id='word_1_169' title='bbox 1192 962 1225 988; x_wconf 88' lang='lat' dir='ltr'>et</span> <span class='ocrx_word' id='word_1_170' title='bbox 1249 956 1317 987; x_wconf 87' lang='lat' dir='ltr'>alia</span> <span class='ocrx_word' id='word_1_171' title='bbox 1334 957 1497 987; x_wconf 84' lang='lat' dir='ltr'>victualia</span> <span class='ocrx_word' id='word_1_172' title='bbox 1514 957 1666 999; x_wconf 88' lang='lat' dir='ltr'>undique</span> <span class='ocrx_word' id='word_1_173' title='bbox 1685 963 1924 989; x_wconf 88' lang='lat' dir='ltr'>consumantes</span> <span class='ocrx_word' id='word_1_174' title='bbox 1941 963 1974 989; x_wconf 85' lang='lat' dir='ltr'>et</span> <span class='ocrx_word' id='word_1_175' title='bbox 1990 957 2157 999; x_wconf 82' lang='lat' dir='ltr'>dissipan-</span> 
     </span>
     <span class='ocr_line' id='line_1_19' title="bbox 322 1009 2158 1051; baseline 0.001 -12"><span class='ocrx_word' id='word_1_176' title='bbox 322 1015 384 1046; x_wconf 85' lang='lat' dir='ltr'>tes,</span> <span class='ocrx_word' id='word_1_177' title='bbox 409 1016 519 1041; x_wconf 91' lang='lat' dir='ltr'>vestes</span> <span class='ocrx_word' id='word_1_178' title='bbox 543 1009 586 1041; x_wconf 89' lang='lat' dir='ltr'>de</span> <span class='ocrx_word' id='word_1_179' title='bbox 611 1010 713 1041; x_wconf 85' lang='lat' dir='ltr'>dorso</span> <span class='ocrx_word' id='word_1_180' title='bbox 739 1015 773 1042; x_wconf 89' lang='lat' dir='ltr'>et</span> <span class='ocrx_word' id='word_1_181' title='bbox 796 1010 838 1041; x_wconf 91' lang='lat' dir='ltr'>de</span> <span class='ocrx_word' id='word_1_182' title='bbox 863 1010 959 1041; x_wconf 88' lang='lat' dir='ltr'>lectis</span> <span class='ocrx_word' id='word_1_183' title='bbox 982 1015 1015 1040; x_wconf 90' lang='lat' dir='ltr'>et</span> <span class='ocrx_word' id='word_1_184' title='bbox 1040 1009 1275 1050; x_wconf 86' lang='lat' dir='ltr'>superlectiles</span> <span class='ocrx_word' id='word_1_185' title='bbox 1300 1015 1333 1040; x_wconf 90' lang='lat' dir='ltr'>et</span> <span class='ocrx_word' id='word_1_186' title='bbox 1365 1009 1431 1040; x_wconf 86' lang='lat' dir='ltr'>alia</span> <span class='ocrx_word' id='word_1_187' title='bbox 1462 1009 1552 1040; x_wconf 87' lang='lat' dir='ltr'>bona</span> <span class='ocrx_word' id='word_1_188' title='bbox 1583 1009 1787 1040; x_wconf 84' lang='lat' dir='ltr'>rusticorum</span> <span class='ocrx_word' id='word_1_189' title='bbox 1820 1010 1945 1041; x_wconf 86' lang='lat' dir='ltr'>exinde</span> <span class='ocrx_word' id='word_1_190' title='bbox 1972 1016 2158 1051; x_wconf 83' lang='lat' dir='ltr'>portantes,</span> 
     </span>
     <span class='ocr_line' id='line_1_20' title="bbox 321 1061 2157 1104; baseline 0.001 -13"><span class='ocrx_word' id='word_1_191' title='bbox 321 1061 486 1102; x_wconf 91' lang='lat' dir='ltr'>plurimos</span> <span class='ocrx_word' id='word_1_192' title='bbox 509 1062 662 1094; x_wconf 89' lang='lat' dir='ltr'>homines</span> <span class='ocrx_word' id='word_1_193' title='bbox 685 1062 818 1094; x_wconf 68' lang='lat' dir='ltr'>turchis</span> <span class='ocrx_word' id='word_1_194' title='bbox 835 1063 1074 1103; x_wconf 89' lang='lat' dir='ltr'>inpendentes,</span> <span class='ocrx_word' id='word_1_195' title='bbox 1099 1068 1131 1092; x_wconf 91' lang='lat' dir='ltr'>et</span> <span class='ocrx_word' id='word_1_196' title='bbox 1155 1061 1400 1093; x_wconf 87' lang='lat' dir='ltr'>nichilominus</span> <span class='ocrx_word' id='word_1_197' title='bbox 1425 1062 1473 1093; x_wconf 87' lang='lat' dir='ltr'>eis</span> <span class='ocrx_word' id='word_1_198' title='bbox 1497 1062 1540 1092; x_wconf 89' lang='lat' dir='ltr'>de</span> <span class='ocrx_word' id='word_1_199' title='bbox 1565 1061 1698 1093; x_wconf 89' lang='lat' dir='ltr'>Mutina</span> <span class='ocrx_word' id='word_1_200' title='bbox 1722 1063 1884 1094; x_wconf 86' lang='lat' dir='ltr'>victualia</span> <span class='ocrx_word' id='word_1_201' title='bbox 1900 1062 2122 1104; x_wconf 85' lang='lat' dir='ltr'>portabantur</span> <span class='ocrx_word' id='word_1_202' title='bbox 2135 1062 2157 1094; x_wconf 82' lang='lat'>⁴.</span> 
     </span>
     <span class='ocr_line' id='line_1_21' title="bbox 322 1105 2157 1158; baseline 0.001 -13"><span class='ocrx_word' id='word_1_203' title='bbox 322 1115 423 1145; x_wconf 88' lang='lat' dir='ltr'>Tunc</span> <span class='ocrx_word' id='word_1_204' title='bbox 448 1114 505 1146; x_wconf 91' lang='lat' dir='ltr'>die</span> <span class='ocrx_word' id='word_1_205' title='bbox 530 1115 647 1147; x_wconf 88' lang='lat' dir='ltr'>martis</span> <span class='ocrx_word' id='word_1_206' title='bbox 670 1115 719 1158; x_wconf 82' lang='lat' dir='ltr'>iiij</span> <span class='ocrx_word' id='word_1_207' title='bbox 747 1115 912 1147; x_wconf 81' lang='lat' dir='ltr'>februarii</span> <span class='ocrx_word' id='word_1_208' title='bbox 937 1114 1023 1147; x_wconf 83' lang='lat' dir='ltr'>dicti</span> <span class='ocrx_word' id='word_1_209' title='bbox 1048 1114 1256 1146; x_wconf 87' lang='lat' dir='ltr'>Theutonici</span> <span class='ocrx_word' id='word_1_210' title='bbox 1281 1105 1323 1145; x_wconf 81' lang='lat' dir='ltr'>de</span> <span class='ocrx_word' id='word_1_211' title='bbox 1356 1114 1572 1155; x_wconf 87' lang='lat' dir='ltr'>Compagnia</span> <span class='ocrx_word' id='word_1_212' title='bbox 1596 1114 1631 1144; x_wconf 91' lang='lat' dir='ltr'>in</span> <span class='ocrx_word' id='word_1_213' title='bbox 1662 1125 1761 1146; x_wconf 89' lang='lat' dir='ltr'>mane</span> <span class='ocrx_word' id='word_1_214' title='bbox 1786 1125 1821 1146; x_wconf 90' lang='lat' dir='ltr'>se</span> <span class='ocrx_word' id='word_1_215' title='bbox 1846 1120 2091 1156; x_wconf 87' lang='lat' dir='ltr'>separaverunt</span> <span class='ocrx_word' id='word_1_216' title='bbox 2114 1115 2157 1146; x_wconf 91' lang='lat' dir='ltr'>de</span> 
     </span>
     <span class='ocr_line' id='line_1_22' title="bbox 321 1166 2158 1209; baseline -0.001 -10"><span class='ocrx_word' id='word_1_217' title='bbox 321 1168 415 1199; x_wconf 89' lang='lat' dir='ltr'>dicto</span> <span class='ocrx_word' id='word_1_218' title='bbox 441 1167 597 1200; x_wconf 85' lang='lat' dir='ltr'>districtu</span> <span class='ocrx_word' id='word_1_219' title='bbox 621 1167 777 1199; x_wconf 88' lang='lat' dir='ltr'>Mutinae</span> <span class='ocrx_word' id='word_1_220' title='bbox 802 1173 836 1198; x_wconf 90' lang='lat' dir='ltr'>et</span> <span class='ocrx_word' id='word_1_221' title='bbox 859 1167 993 1199; x_wconf 83' lang='lat' dir='ltr'>iverunt</span> <span class='ocrx_word' id='word_1_222' title='bbox 1009 1167 1042 1198; x_wconf 90' lang='lat' dir='ltr'>in</span> <span class='ocrx_word' id='word_1_223' title='bbox 1060 1167 1216 1198; x_wconf 84' lang='lat' dir='ltr'>districtu</span> <span class='ocrx_word' id='word_1_224' title='bbox 1234 1167 1335 1209; x_wconf 81' lang='lat' dir='ltr'>Regii</span> <span class='ocrx_word' id='word_1_225' title='bbox 1352 1167 1396 1198; x_wconf 88' lang='lat' dir='ltr'>ad</span> <span class='ocrx_word' id='word_1_226' title='bbox 1413 1173 1519 1198; x_wconf 83' lang='lat' dir='ltr'>terras</span> <span class='ocrx_word' id='word_1_227' title='bbox 1544 1167 1714 1209; x_wconf 82' lang='lat' dir='ltr'>Corigiae,</span> <span class='ocrx_word' id='word_1_228' title='bbox 1733 1166 1990 1209; x_wconf 85' lang='lat' dir='ltr'>Campagnolae</span> <span class='ocrx_word' id='word_1_229' title='bbox 2008 1173 2040 1199; x_wconf 91' lang='lat' dir='ltr'>et</span> <span class='ocrx_word' id='word_1_230' title='bbox 2056 1167 2158 1206; x_wconf 88' lang='lat' dir='ltr'>Novi,</span> 
     </span>
     <span class='ocr_line' id='line_1_23' title="bbox 324 1219 2158 1262; baseline 0 -11"><span class='ocrx_word' id='word_1_231' title='bbox 324 1226 437 1262; x_wconf 88' lang='lat' dir='ltr'>partes</span> <span class='ocrx_word' id='word_1_232' title='bbox 461 1221 537 1252; x_wconf 87' lang='lat' dir='ltr'>illas</span> <span class='ocrx_word' id='word_1_233' title='bbox 562 1220 801 1253; x_wconf 85' lang='lat' dir='ltr'>disrobantens</span> <span class='ocrx_word' id='word_1_234' title='bbox 826 1226 859 1251; x_wconf 91' lang='lat' dir='ltr'>et</span> <span class='ocrx_word' id='word_1_235' title='bbox 883 1220 1035 1261; x_wconf 86' lang='lat' dir='ltr'>undique</span> <span class='ocrx_word' id='word_1_236' title='bbox 1069 1220 1183 1260; x_wconf 88' lang='lat' dir='ltr'>dapna</span> <span class='ocrx_word' id='word_1_237' title='bbox 1213 1219 1362 1250; x_wconf 78' lang='lat' dir='ltr'>maxima</span> <span class='ocrx_word' id='word_1_238' title='bbox 1393 1219 1585 1250; x_wconf 78' lang='lat' dir='ltr'>inferentes</span> <span class='ocrx_word' id='word_1_239' title='bbox 1616 1225 1650 1250; x_wconf 88' lang='lat' dir='ltr'>et</span> <span class='ocrx_word' id='word_1_240' title='bbox 1681 1219 1727 1250; x_wconf 83' lang='lat' dir='ltr'>ibi</span> <span class='ocrx_word' id='word_1_241' title='bbox 1759 1230 1798 1251; x_wconf 90' lang='lat' dir='ltr'>ac</span> <span class='ocrx_word' id='word_1_242' title='bbox 1831 1220 1939 1251; x_wconf 86' lang='lat' dir='ltr'>eciam</span> <span class='ocrx_word' id='word_1_243' title='bbox 1964 1220 1998 1250; x_wconf 89' lang='lat' dir='ltr'>in</span> <span class='ocrx_word' id='word_1_244' title='bbox 2023 1220 2158 1261; x_wconf 90' lang='lat' dir='ltr'>episco-</span> 
     </span>
     <span class='ocr_line' id='line_1_24' title="bbox 323 1271 2158 1315; baseline 0 -11"><span class='ocrx_word' id='word_1_245' title='bbox 323 1279 404 1314; x_wconf 85' lang='lat' dir='ltr'>patu</span> <span class='ocrx_word' id='word_1_246' title='bbox 428 1272 608 1304; x_wconf 84' lang='lat' dir='ltr'>Mutinae⁵</span> <span class='ocrx_word' id='word_1_247' title='bbox 642 1273 678 1304; x_wconf 90' lang='lat' dir='ltr'>in</span> <span class='ocrx_word' id='word_1_248' title='bbox 702 1278 791 1304; x_wconf 87' lang='lat' dir='ltr'>terra</span> <span class='ocrx_word' id='word_1_249' title='bbox 823 1272 1000 1315; x_wconf 68' lang='lat' dir='ltr'>Ganaeeti,</span> <span class='ocrx_word' id='word_1_250' title='bbox 1028 1272 1191 1309; x_wconf 82' lang='lat' dir='ltr'>Soleriae,</span> <span class='ocrx_word' id='word_1_251' title='bbox 1216 1271 1332 1312; x_wconf 85' lang='lat' dir='ltr'>Carpi,</span> <span class='ocrx_word' id='word_1_252' title='bbox 1358 1271 1620 1314; x_wconf 61' lang='lat' dir='ltr'>Campigffliani,</span> <span class='ocrx_word' id='word_1_253' title='bbox 1647 1272 1765 1303; x_wconf 85' lang='lat' dir='ltr'>Sancti</span> <span class='ocrx_word' id='word_1_254' title='bbox 1797 1272 1950 1315; x_wconf 59' lang='lat' dir='ltr'>§Zenonis</span> <span class='ocrx_word' id='word_1_255' title='bbox 1975 1272 2018 1303; x_wconf 92' lang='lat' dir='ltr'>de</span> <span class='ocrx_word' id='word_1_256' title='bbox 2041 1272 2158 1309; x_wconf 87' lang='lat' dir='ltr'>Lama,</span> 
     </span>
     <span class='ocr_line' id='line_1_25' title="bbox 322 1323 2159 1370; baseline 0 -13"><span class='ocrx_word' id='word_1_257' title='bbox 322 1325 472 1363; x_wconf 70' lang='lat' dir='ltr'>Curfilis,</span> <span class='ocrx_word' id='word_1_258' title='bbox 497 1326 615 1358; x_wconf 85' lang='lat' dir='ltr'>Sancti</span> <span class='ocrx_word' id='word_1_259' title='bbox 639 1325 780 1356; x_wconf 89' lang='lat' dir='ltr'>Martini</span> <span class='ocrx_word' id='word_1_260' title='bbox 805 1325 847 1356; x_wconf 90' lang='lat' dir='ltr'>de</span> <span class='ocrx_word' id='word_1_261' title='bbox 874 1324 994 1361; x_wconf 85' lang='lat' dir='ltr'>Situla,</span> <span class='ocrx_word' id='word_1_262' title='bbox 1019 1325 1244 1357; x_wconf 87' lang='lat' dir='ltr'>Camuranae.</span> <span class='ocrx_word' id='word_1_263' title='bbox 1277 1323 1458 1356; x_wconf 78' lang='lat' dir='ltr'>Sorbariae</span> <span class='ocrx_word' id='word_1_264' title='bbox 1471 1324 1493 1361; x_wconf 82' lang='lat'>⁶,</span> <span class='ocrx_word' id='word_1_265' title='bbox 1527 1331 1560 1356; x_wconf 88' lang='lat' dir='ltr'>et</span> <span class='ocrx_word' id='word_1_266' title='bbox 1592 1325 1625 1355; x_wconf 89' lang='lat' dir='ltr'>in</span> <span class='ocrx_word' id='word_1_267' title='bbox 1654 1324 1723 1370; x_wconf 20' lang='lat' dir='ltr'>‘illis</span> <span class='ocrx_word' id='word_1_268' title='bbox 1748 1325 1900 1365; x_wconf 87' lang='lat' dir='ltr'>partibus</span> <span class='ocrx_word' id='word_1_269' title='bbox 1931 1325 2159 1357; x_wconf 84' lang='lat' dir='ltr'>castrametati</span> 
     </span>
     <span class='ocr_line' id='line_1_26' title="bbox 326 1376 2157 1420; baseline -0.001 -11"><span class='ocrx_word' id='word_1_270' title='bbox 326 1379 465 1410; x_wconf 73' lang='lat' dir='ltr'>fuerunt</span> <span class='ocrx_word' id='word_1_271' title='bbox 488 1378 531 1410; x_wconf 87' lang='lat' dir='ltr'>ab</span> <span class='ocrx_word' id='word_1_272' title='bbox 556 1378 613 1410; x_wconf 90' lang='lat' dir='ltr'>illa</span> <span class='ocrx_word' id='word_1_273' title='bbox 637 1379 692 1410; x_wconf 91' lang='lat' dir='ltr'>die</span> <span class='ocrx_word' id='word_1_274' title='bbox 716 1378 835 1410; x_wconf 85' lang='lat' dir='ltr'>martis</span> <span class='ocrx_word' id='word_1_275' title='bbox 859 1378 906 1420; x_wconf 81' lang='lat' dir='ltr'>iiij</span> <span class='ocrx_word' id='word_1_276' title='bbox 932 1377 1097 1408; x_wconf 80' lang='lat' dir='ltr'>februarii</span> <span class='ocrx_word' id='word_1_277' title='bbox 1121 1388 1227 1418; x_wconf 81' lang='lat' dir='ltr'>usque</span> <span class='ocrx_word' id='word_1_278' title='bbox 1252 1377 1296 1408; x_wconf 85' lang='lat' dir='ltr'>ad</span> <span class='ocrx_word' id='word_1_279' title='bbox 1321 1377 1410 1408; x_wconf 90' lang='lat' dir='ltr'>diem</span> <span class='ocrx_word' id='word_1_280' title='bbox 1435 1376 1542 1408; x_wconf 83' lang='lat' dir='ltr'>sabati</span> <span class='ocrx_word' id='word_1_281' title='bbox 1567 1377 1613 1419; x_wconf 84' lang='lat' dir='ltr'>xij</span> <span class='ocrx_word' id='word_1_282' title='bbox 1638 1376 1777 1418; x_wconf 62' lang='lat' dir='ltr'>aprilis:</span> <span class='ocrx_word' id='word_1_283' title='bbox 1803 1377 2015 1409; x_wconf 87' lang='lat' dir='ltr'>disrobantes</span> <span class='ocrx_word' id='word_1_284' title='bbox 2048 1378 2157 1410; x_wconf 90' lang='lat' dir='ltr'>eciam</span> 
     </span>
     <span class='ocr_line' id='line_1_27' title="bbox 321 1429 2159 1473; baseline -0.001 -10"><span class='ocrx_word' id='word_1_285' title='bbox 321 1438 437 1473; x_wconf 85' lang='lat' dir='ltr'>partes</span> <span class='ocrx_word' id='word_1_286' title='bbox 462 1431 624 1468; x_wconf 87' lang='lat' dir='ltr'>Quistelli</span> <span class='ocrx_word' id='word_1_287' title='bbox 649 1438 684 1463; x_wconf 90' lang='lat' dir='ltr'>et</span> <span class='ocrx_word' id='word_1_288' title='bbox 708 1437 822 1472; x_wconf 87' lang='lat' dir='ltr'>partes</span> <span class='ocrx_word' id='word_1_289' title='bbox 844 1431 920 1462; x_wconf 89' lang='lat' dir='ltr'>illas</span> <span class='ocrx_word' id='word_1_290' title='bbox 944 1430 1118 1462; x_wconf 86' lang='lat' dir='ltr'>districtus</span> <span class='ocrx_word' id='word_1_291' title='bbox 1143 1429 1315 1461; x_wconf 84' lang='lat' dir='ltr'>Mantuae.</span> <span class='ocrx_word' id='word_1_292' title='bbox 1363 1430 1406 1461; x_wconf 89' lang='lat' dir='ltr'>Et</span> <span class='ocrx_word' id='word_1_293' title='bbox 1429 1436 1509 1461; x_wconf 85' lang='lat' dir='ltr'>tune</span> <span class='ocrx_word' id='word_1_294' title='bbox 1536 1430 1684 1471; x_wconf 82' lang='lat' dir='ltr'>receptis</span> <span class='ocrx_word' id='word_1_295' title='bbox 1709 1430 1829 1461; x_wconf 88' lang='lat' dir='ltr'>decem</span> <span class='ocrx_word' id='word_1_296' title='bbox 1846 1430 1939 1461; x_wconf 88' lang='lat' dir='ltr'>milia</span> <span class='ocrx_word' id='word_1_297' title='bbox 1955 1430 2159 1463; x_wconf 88' lang='lat' dir='ltr'>florenorum</span> 
     </span>
    </p>
   </div>
   <div class='ocr_carea' id='block_1_7' title="bbox 319 1575 2162 1788">
    <p class='ocr_par' dir='ltr' id='par_1_7' title="bbox 319 1575 2162 1788">
     <span class='ocr_line' id='line_1_28' title="bbox 411 1575 2162 1611; baseline -0.002 -7"><span class='ocrx_word' id='word_1_298' title='bbox 411 1587 432 1603; x_wconf 83' lang='lat'>1.</span> <span class='ocrx_word' id='word_1_299' title='bbox 453 1579 527 1611; x_wconf 84' lang='lat' dir='ltr'>Ugo]</span> <span class='ocrx_word' id='word_1_300' title='bbox 541 1580 666 1610; x_wconf 67' lang='lat' dir='ltr'>completo</span> <span class='ocrx_word' id='word_1_301' title='bbox 679 1582 766 1610; x_wconf 80' lang='lat' dir='ltr'>questo</span> <span class='ocrx_word' id='word_1_302' title='bbox 778 1586 848 1602; x_wconf 74' lang='lat' dir='ltr'>nome</span> <span class='ocrx_word' id='word_1_303' title='bbox 861 1579 937 1609; x_wconf 69' lang='lat' dir='ltr'>quale</span> <span class='ocrx_word' id='word_1_304' title='bbox 950 1578 1045 1601; x_wconf 71' lang='lat' dir='ltr'>risulta</span> <span class='ocrx_word' id='word_1_305' title='bbox 1059 1577 1177 1601; x_wconf 62' lang='lat' dir='ltr'>aelstano</span> <span class='ocrx_word' id='word_1_306' title='bbox 1191 1578 1325 1608; x_wconf 79' lang='lat' dir='ltr'>rt&#39;portato</span> <span class='ocrx_word' id='word_1_307' title='bbox 1337 1578 1365 1601; x_wconf 75' lang='lat' dir='ltr'>in</span> <span class='ocrx_word' id='word_1_308' title='bbox 1385 1580 1455 1601; x_wconf 74' lang='lat' dir='ltr'>nota..</span> <span class='ocrx_word' id='word_1_309' title='bbox 1470 1575 1569 1608; x_wconf 68' lang='lat' dir='ltr'>pcrcln&#39;:</span> <span class='ocrx_word' id='word_1_310' title='bbox 1588 1578 1611 1601; x_wconf 89' lang='lat' dir='ltr'>il</span> <span class='ocrx_word' id='word_1_311' title='bbox 1627 1578 1763 1609; x_wconf 54' lang='lat' dir='ltr'>coqfronto</span> <span class='ocrx_word' id='word_1_312' title='bbox 1783 1584 1827 1600; x_wconf 82' lang='lat' dir='ltr'>con</span> <span class='ocrx_word' id='word_1_313' title='bbox 1846 1581 1933 1607; x_wconf 74' lang='lat' dir='ltr'>questa</span> <span class='ocrx_word' id='word_1_314' title='bbox 1952 1577 2039 1609; x_wconf 74' lang='lat' dir='ltr'>miso</span> <span class='ocrx_word' id='word_1_315' title='bbox 2057 1577 2162 1602; x_wconf 76' lang='lat' dir='ltr'>credere</span> 
     </span>
     <span class='ocr_line' id='line_1_29' title="bbox 319 1621 2158 1652; baseline 0 -6"><span class='ocrx_word' id='word_1_316' title='bbox 319 1624 362 1647; x_wconf 62' lang='lat' dir='ltr'>vhe</span> <span class='ocrx_word' id='word_1_317' title='bbox 381 1625 404 1647; x_wconf 84' lang='lat' dir='ltr'>il</span> <span class='ocrx_word' id='word_1_318' title='bbox 421 1624 535 1648; x_wconf 75' lang='lat' dir='ltr'>eranista</span> <span class='ocrx_word' id='word_1_319' title='bbox 554 1627 640 1648; x_wconf 82' lang='lat' dir='ltr'>nostro</span> <span class='ocrx_word' id='word_1_320' title='bbox 659 1632 673 1647; x_wconf 86' lang='lat' dir='ltr'><em>o</em></span> <span class='ocrx_word' id='word_1_321' title='bbox 693 1625 721 1647; x_wconf 81' lang='lat' dir='ltr'>la</span> <span class='ocrx_word' id='word_1_322' title='bbox 740 1631 786 1648; x_wconf 80' lang='lat' dir='ltr'>sua</span> <span class='ocrx_word' id='word_1_323' title='bbox 805 1624 878 1651; x_wconf 72' lang='lat' dir='ltr'>fonte</span> <span class='ocrx_word' id='word_1_324' title='bbox 898 1624 924 1646; x_wconf 83' lang='lat' dir='ltr'>lo</span> <span class='ocrx_word' id='word_1_325' title='bbox 943 1629 1065 1645; x_wconf 64' lang='lat' dir='ltr'>avmsvro</span> <span class='ocrx_word' id='word_1_326' title='bbox 1084 1625 1151 1645; x_wconf 81' lang='lat' dir='ltr'>sotto</span> <span class='ocrx_word' id='word_1_327' title='bbox 1168 1622 1216 1652; x_wconf 74' lang='lat' dir='ltr'>gli</span> <span class='ocrx_word' id='word_1_328' title='bbox 1233 1621 1305 1645; x_wconf 70' lang='lat' dir='ltr'><em>occsa·</em></span> <span class='ocrx_word' id='word_1_329' title='bbox 1323 1630 1335 1643; x_wconf 70' lang='lat' dir='ltr'>e</span> <span class='ocrx_word' id='word_1_330' title='bbox 1353 1622 1379 1645; x_wconf 91' lang='lat' dir='ltr'>Io</span> <span class='ocrx_word' id='word_1_331' title='bbox 1399 1621 1517 1645; x_wconf 75' lang='lat' dir='ltr'>abbiamo</span> <span class='ocrx_word' id='word_1_332' title='bbox 1530 1622 1632 1652; x_wconf 79' lang='lat' dir='ltr'>seguito</span> <span class='ocrx_word' id='word_1_333' title='bbox 1647 1634 1679 1637; x_wconf 97' lang='lat'><strong>—</strong></span> <span class='ocrx_word' id='word_1_334' title='bbox 1694 1629 1717 1651; x_wconf 65' lang='lat'>4⁴</span> <span class='ocrx_word' id='word_1_335' title='bbox 1733 1621 1845 1645; x_wconf 87' lang='lat' dir='ltr'>delenzo</span> <span class='ocrx_word' id='word_1_336' title='bbox 1859 1622 1906 1649; x_wconf 77' lang='lat' dir='ltr'>A.3</span> <span class='ocrx_word' id='word_1_337' title='bbox 1921 1621 1955 1644; x_wconf 90' lang='lat' dir='ltr'>de</span> <span class='ocrx_word' id='word_1_338' title='bbox 1967 1621 2057 1645; x_wconf 74' lang='lat' dir='ltr'>Lenzu.</span> <span class='ocrx_word' id='word_1_339' title='bbox 2071 1622 2158 1651; x_wconf 66' lang='grc' dir='ltr'>Μυιὶ.1</span> 
     </span>
     <span class='ocr_line' id='line_1_30' title="bbox 324 1665 2160 1699; baseline -0.001 -7"><span class='ocrx_word' id='word_1_340' title='bbox 324 1669 368 1692; x_wconf 90' lang='lat' dir='ltr'>Cr.</span> <span class='ocrx_word' id='word_1_341' title='bbox 390 1681 421 1684; x_wconf 90' lang='lat'><strong>—</strong></span> <span class='ocrx_word' id='word_1_342' title='bbox 444 1675 466 1699; x_wconf 89' lang='lat'>5.</span> <span class='ocrx_word' id='word_1_343' title='bbox 486 1675 514 1692; x_wconf 85' lang='lat' dir='ltr'>se</span> <span class='ocrx_word' id='word_1_344' title='bbox 534 1676 582 1692; x_wconf 85' lang='lat' dir='ltr'>om.</span> <span class='ocrx_word' id='word_1_345' title='bbox 604 1668 681 1692; x_wconf 69' lang='lat' dir='ltr'>Mna.</span> <span class='ocrx_word' id='word_1_346' title='bbox 701 1680 712 1685; x_wconf 98' lang='lat'>-</span> <span class='ocrx_word' id='word_1_347' title='bbox 732 1666 821 1699; x_wconf 77' lang='lat' dir='ltr'>euius]</span> <span class='ocrx_word' id='word_1_348' title='bbox 847 1667 918 1690; x_wconf 82' lang='lat' dir='ltr'>civis</span> <span class='ocrx_word' id='word_1_349' title='bbox 938 1667 984 1695; x_wconf 45' lang='lat' dir='ltr'>Aq,</span> <span class='ocrx_word' id='word_1_350' title='bbox 1004 1667 1064 1689; x_wconf 72' lang='lat' dir='ltr'>elus</span> <span class='ocrx_word' id='word_1_351' title='bbox 1084 1666 1170 1691; x_wconf 58' lang='lat' dir='ltr'>Mum,</span> <span class='ocrx_word' id='word_1_352' title='bbox 1192 1667 1236 1690; x_wconf 87' lang='lat' dir='ltr'>Cr.</span> <span class='ocrx_word' id='word_1_353' title='bbox 1258 1677 1289 1682; x_wconf 90' lang='lat'>—-</span> <span class='ocrx_word' id='word_1_354' title='bbox 1309 1665 1363 1693; x_wconf 84' lang='lat'>7—8.</span> <span class='ocrx_word' id='word_1_355' title='bbox 1388 1665 1514 1689; x_wconf 79' lang='lat' dir='ltr'>civitatis</span> <span class='ocrx_word' id='word_1_356' title='bbox 1538 1673 1554 1696; x_wconf 88' lang='lat' dir='ltr'>p</span> <span class='ocrx_word' id='word_1_357' title='bbox 1578 1665 1681 1688; x_wconf 75' lang='lat' dir='ltr'>dietam</span> <span class='ocrx_word' id='word_1_358' title='bbox 1711 1665 1900 1689; x_wconf 77' lang='lat' dir='ltr'>chavalcatanx</span> <span class='ocrx_word' id='word_1_359' title='bbox 1927 1665 2013 1689; x_wconf 87' lang='lat' dir='ltr'>millia</span> <span class='ocrx_word' id='word_1_360' title='bbox 2032 1666 2160 1690; x_wconf 74' lang='lat' dir='ltr'>novitate</span> 
     </span>
     <span class='ocr_line' id='line_1_31' title="bbox 322 1708 2158 1744; baseline -0.001 -9"><span class='ocrx_word' id='word_1_361' title='bbox 322 1712 449 1736; x_wconf 58' lang='lat' dir='ltr'>fecerunt</span> <span class='ocrx_word' id='word_1_362' title='bbox 470 1719 518 1735; x_wconf 88' lang='lat' dir='ltr'>nec</span> <span class='ocrx_word' id='word_1_363' title='bbox 538 1711 604 1736; x_wconf 75' lang='lat' dir='ltr'>facti</span> <span class='ocrx_word' id='word_1_364' title='bbox 625 1712 812 1744; x_wconf 79' lang='lat' dir='ltr'>permiserunt</span> <span class='ocrx_word' id='word_1_365' title='bbox 831 1711 880 1740; x_wconf 67' lang='lat' dir='ltr'>A.3</span> <span class='ocrx_word' id='word_1_366' title='bbox 898 1710 1026 1734; x_wconf 83' lang='lat' dir='ltr'>civitatis</span> <span class='ocrx_word' id='word_1_367' title='bbox 1046 1712 1072 1733; x_wconf 86' lang='lat' dir='ltr'>et</span> <span class='ocrx_word' id='word_1_368' title='bbox 1092 1711 1209 1741; x_wconf 83' lang='lat' dir='ltr'>propter</span> <span class='ocrx_word' id='word_1_369' title='bbox 1223 1710 1248 1733; x_wconf 92' lang='lat' dir='ltr'>d.</span> <span class='ocrx_word' id='word_1_370' title='bbox 1263 1709 1433 1733; x_wconf 56' lang='lat' dir='ltr'>cavan-atam</span> <span class='ocrx_word' id='word_1_371' title='bbox 1454 1709 1558 1733; x_wconf 87' lang='lat' dir='ltr'>nullam</span> <span class='ocrx_word' id='word_1_372' title='bbox 1578 1709 1737 1733; x_wconf 75' lang='lat' dir='ltr'>novitatem</span> <span class='ocrx_word' id='word_1_373' title='bbox 1758 1709 1779 1733; x_wconf 77' lang='lat' dir='ltr'>f.</span> <span class='ocrx_word' id='word_1_374' title='bbox 1798 1716 1845 1733; x_wconf 87' lang='lat' dir='ltr'>nec</span> <span class='ocrx_word' id='word_1_375' title='bbox 1866 1709 1925 1733; x_wconf 86' lang='lat' dir='ltr'>fieri</span> <span class='ocrx_word' id='word_1_376' title='bbox 1947 1709 2027 1740; x_wconf 77' lang='lat' dir='ltr'>[facti</span> <span class='ocrx_word' id='word_1_377' title='bbox 2046 1710 2079 1733; x_wconf 81' lang='lat' dir='ltr'>lm</span> <span class='ocrx_word' id='word_1_378' title='bbox 2100 1708 2158 1740; x_wconf 59' lang='lat' dir='ltr'>Cra]</span> 
     </span>
     <span class='ocr_line' id='line_1_32' title="bbox 323 1753 2159 1788; baseline -0.001 -9"><span class='ocrx_word' id='word_1_379' title='bbox 323 1758 509 1788; x_wconf 76' lang='lat' dir='ltr'>permiserunt</span> <span class='ocrx_word' id='word_1_380' title='bbox 529 1757 614 1786; x_wconf 69' lang='lat' dir='ltr'>Mun.⁷</span> <span class='ocrx_word' id='word_1_381' title='bbox 638 1758 683 1780; x_wconf 80' lang='lat' dir='ltr'>Cr.</span> <span class='ocrx_word' id='word_1_382' title='bbox 704 1769 735 1773; x_wconf 97' lang='lat'><em>-</em></span> <span class='ocrx_word' id='word_1_383' title='bbox 756 1757 780 1781; x_wconf 88' lang='lat'>8.</span> <span class='ocrx_word' id='word_1_384' title='bbox 795 1754 895 1787; x_wconf 72' lang='lat' dir='ltr'>xxviij]</span> <span class='ocrx_word' id='word_1_385' title='bbox 919 1760 950 1784; x_wconf 85' lang='lat'>23</span> <span class='ocrx_word' id='word_1_386' title='bbox 974 1755 1017 1783; x_wconf 70' lang='lat' dir='ltr'>A..</span> <span class='ocrx_word' id='word_1_387' title='bbox 1032 1755 1119 1782; x_wconf 58' lang='lat' dir='ltr'>Mun..</span> <span class='ocrx_word' id='word_1_388' title='bbox 1136 1755 1196 1783; x_wconf 82' lang='lat' dir='ltr'>Cr.3</span> <span class='ocrx_word' id='word_1_389' title='bbox 1209 1762 1252 1777; x_wconf 82' lang='lat' dir='ltr'>ma</span> <span class='ocrx_word' id='word_1_390' title='bbox 1265 1754 1331 1780; x_wconf 71' lang='lat'>1723</span> <span class='ocrx_word' id='word_1_391' title='bbox 1350 1753 1536 1785; x_wconf 66' lang='lat' dir='ltr'>eragiovedi,¹</span> <span class='ocrx_word' id='word_1_392' title='bbox 1556 1754 1599 1777; x_wconf 79' lang='lat' dir='ltr'>col</span> <span class='ocrx_word' id='word_1_393' title='bbox 1617 1753 1745 1785; x_wconf 74' lang='lat' dir='ltr'>rastrouto</span> <span class='ocrx_word' id='word_1_394' title='bbox 1763 1753 1809 1777; x_wconf 78' lang='lat' dir='ltr'>del</span> <span class='ocrx_word' id='word_1_395' title='bbox 1828 1753 1894 1777; x_wconf 82' lang='lat' dir='ltr'>Chr.</span> <span class='ocrx_word' id='word_1_396' title='bbox 1914 1753 1982 1782; x_wconf 63' lang='lat' dir='ltr'>Est„</span> <span class='ocrx_word' id='word_1_397' title='bbox 1997 1754 2053 1784; x_wconf 79' lang='lat'>508,</span> <span class='ocrx_word' id='word_1_398' title='bbox 2069 1753 2084 1777; x_wconf 75' lang='grc' dir='ltr'><em>ὲ</em></span> <span class='ocrx_word' id='word_1_399' title='bbox 2097 1757 2159 1786; x_wconf 74' lang='lat' dir='ltr'>pos-</span> 
     </span>
    </p>
   </div>
   <div class='ocr_carea' id='block_1_8' title="bbox 321 1797 2160 1920">
    <p class='ocr_par' dir='ltr' id='par_1_8' title="bbox 321 1797 2160 1920">
     <span class='ocr_line' id='line_1_33' title="bbox 321 1797 2160 1831; baseline -0.001 -7"><span class='ocrx_word' id='word_1_400' title='bbox 321 1801 395 1825; x_wconf 78' lang='lat' dir='ltr'>sibile</span> <span class='ocrx_word' id='word_1_401' title='bbox 420 1801 569 1826; x_wconf 73' lang='lat' dir='ltr'>ristabilire</span> <span class='ocrx_word' id='word_1_402' title='bbox 587 1802 616 1825; x_wconf 87' lang='lat' dir='ltr'>la</span> <span class='ocrx_word' id='word_1_403' title='bbox 634 1801 701 1825; x_wconf 79' lang='lat' dir='ltr'>data</span> <span class='ocrx_word' id='word_1_404' title='bbox 727 1801 774 1823; x_wconf 75' lang='lat' dir='ltr'>dcl</span> <span class='ocrx_word' id='word_1_405' title='bbox 788 1801 822 1825; x_wconf 78' lang='lat'>28</span> <span class='ocrx_word' id='word_1_406' title='bbox 839 1801 883 1823; x_wconf 76' lang='lat' dir='ltr'>che</span> <span class='ocrx_word' id='word_1_407' title='bbox 895 1799 932 1831; x_wconf 85' lang='lat' dir='ltr'>fu</span> <span class='ocrx_word' id='word_1_408' title='bbox 951 1802 1065 1830; x_wconf 75' lang='lat' dir='ltr'>appnnto</span> <span class='ocrx_word' id='word_1_409' title='bbox 1085 1807 1117 1822; x_wconf 74' lang='lat' dir='ltr'>m!</span> <span class='ocrx_word' id='word_1_410' title='bbox 1132 1798 1245 1822; x_wconf 69' lang='lat' dir='ltr'>martedi</span> <span class='ocrx_word' id='word_1_411' title='bbox 1268 1811 1297 1815; x_wconf 69' lang='lat'>—</span> <span class='ocrx_word' id='word_1_412' title='bbox 1319 1806 1342 1829; x_wconf 86' lang='lat'>9.</span> <span class='ocrx_word' id='word_1_413' title='bbox 1364 1798 1528 1829; x_wconf 77' lang='lat' dir='ltr'>Compagna</span> <span class='ocrx_word' id='word_1_414' title='bbox 1550 1798 1626 1821; x_wconf 79' lang='lat' dir='ltr'>MUR.</span> <span class='ocrx_word' id='word_1_415' title='bbox 1648 1811 1678 1814; x_wconf 89' lang='lat'><strong>—</strong></span> <span class='ocrx_word' id='word_1_416' title='bbox 1703 1805 1741 1821; x_wconf 91' lang='lat'>10.</span> <span class='ocrx_word' id='word_1_417' title='bbox 1761 1798 1935 1822; x_wconf 82' lang='lat' dir='ltr'>Guarnerius</span> <span class='ocrx_word' id='word_1_418' title='bbox 1955 1797 2042 1827; x_wconf 60' lang='lat' dir='ltr'>Mun„</span> <span class='ocrx_word' id='word_1_419' title='bbox 2063 1799 2109 1823; x_wconf 84' lang='lat' dir='ltr'>Cr.</span> <span class='ocrx_word' id='word_1_420' title='bbox 2128 1811 2160 1816; x_wconf 90' lang='lat'>—-</span> 
     </span>
     <span class='ocr_line' id='line_1_34' title="bbox 326 1841 2160 1875; baseline -0.001 -7"><span class='ocrx_word' id='word_1_421' title='bbox 326 1852 364 1868; x_wconf 76' lang='grc' dir='ltr'>η.</span> <span class='ocrx_word' id='word_1_422' title='bbox 386 1844 532 1869; x_wconf 80' lang='lat' dir='ltr'>Casinalbi</span> <span class='ocrx_word' id='word_1_423' title='bbox 552 1846 646 1875; x_wconf 69' lang='lat' dir='ltr'>Mua.;</span> <span class='ocrx_word' id='word_1_424' title='bbox 667 1844 850 1869; x_wconf 79' lang='lat' dir='ltr'>Caxenalbini</span> <span class='ocrx_word' id='word_1_425' title='bbox 872 1844 912 1867; x_wconf 85' lang='lat' dir='ltr'>M.</span> <span class='ocrx_word' id='word_1_426' title='bbox 927 1856 937 1860; x_wconf 99' lang='lat'>-</span> <span class='ocrx_word' id='word_1_427' title='bbox 959 1841 1191 1873; x_wconf 67' lang='lat' dir='ltr'>Cur151CialiM.</span> <span class='ocrx_word' id='word_1_428' title='bbox 1207 1855 1239 1859; x_wconf 98' lang='lat'><strong>—</strong></span> <span class='ocrx_word' id='word_1_429' title='bbox 1256 1848 1295 1873; x_wconf 82' lang='lat'>13.</span> <span class='ocrx_word' id='word_1_430' title='bbox 1315 1843 1471 1866; x_wconf 81' lang='lat' dir='ltr'>strumenta</span> <span class='ocrx_word' id='word_1_431' title='bbox 1493 1843 1536 1865; x_wconf 80' lang='lat' dir='ltr'>Cr.</span> <span class='ocrx_word' id='word_1_432' title='bbox 1560 1855 1591 1858; x_wconf 93' lang='lat'><em>-</em></span> <span class='ocrx_word' id='word_1_433' title='bbox 1616 1847 1653 1871; x_wconf 71' lang='lat'>15.</span> <span class='ocrx_word' id='word_1_434' title='bbox 1674 1842 1874 1872; x_wconf 76' lang='lat' dir='ltr'>suspendentes</span> <span class='ocrx_word' id='word_1_435' title='bbox 1894 1842 1981 1871; x_wconf 66' lang='lat' dir='ltr'>Mun„</span> <span class='ocrx_word' id='word_1_436' title='bbox 2003 1843 2048 1865; x_wconf 85' lang='lat' dir='ltr'>Cr.</span> <span class='ocrx_word' id='word_1_437' title='bbox 2068 1854 2079 1859; x_wconf 92' lang='lat'><em>—</em></span> <span class='ocrx_word' id='word_1_438' title='bbox 2098 1849 2160 1874; x_wconf 88' lang='lat' dir='ltr'>por-</span> 
     </span>
     <span class='ocr_line' id='line_1_35' title="bbox 322 1885 2159 1920; baseline -0.001 -8"><span class='ocrx_word' id='word_1_439' title='bbox 322 1890 453 1913; x_wconf 73' lang='lat' dir='ltr'>tabantur</span> <span class='ocrx_word' id='word_1_440' title='bbox 473 1897 543 1914; x_wconf 79' lang='lat' dir='ltr'>corr.</span> <span class='ocrx_word' id='word_1_441' title='bbox 563 1889 655 1918; x_wconf 49' lang='lat' dir='ltr'>Mum</span> <span class='ocrx_word' id='word_1_442' title='bbox 676 1889 829 1920; x_wconf 78' lang='lat' dir='ltr'>portabant</span> <span class='ocrx_word' id='word_1_443' title='bbox 849 1888 889 1915; x_wconf 61' lang='lat' dir='ltr'>A..</span> <span class='ocrx_word' id='word_1_444' title='bbox 913 1888 957 1911; x_wconf 86' lang='lat' dir='ltr'>Cr.</span> <span class='ocrx_word' id='word_1_445' title='bbox 978 1900 1009 1904; x_wconf 87' lang='lat'>-</span> <span class='ocrx_word' id='word_1_446' title='bbox 1032 1886 1072 1910; x_wconf 81' lang='lat'>16.</span> <span class='ocrx_word' id='word_1_447' title='bbox 1092 1886 1190 1910; x_wconf 69' lang='lat' dir='ltr'>martis</span> <span class='ocrx_word' id='word_1_448' title='bbox 1214 1885 1271 1918; x_wconf 68' lang='lat' dir='ltr'>iliJ]</span> <span class='ocrx_word' id='word_1_449' title='bbox 1293 1886 1423 1910; x_wconf 73' lang='lat' dir='ltr'>mercurii</span> <span class='ocrx_word' id='word_1_450' title='bbox 1443 1893 1458 1915; x_wconf 78' lang='lat'>4</span> <span class='ocrx_word' id='word_1_451' title='bbox 1479 1886 1521 1914; x_wconf 63' lang='lat' dir='ltr'>A,</span> <span class='ocrx_word' id='word_1_452' title='bbox 1541 1886 1618 1909; x_wconf 72' lang='grc' dir='ltr'>Μυκ.</span> <span class='ocrx_word' id='word_1_453' title='bbox 1642 1887 1701 1914; x_wconf 83' lang='lat' dir='ltr'>Cr.;</span> <span class='ocrx_word' id='word_1_454' title='bbox 1724 1894 1764 1909; x_wconf 86' lang='lat' dir='ltr'>ma</span> <span class='ocrx_word' id='word_1_455' title='bbox 1784 1886 1809 1909; x_wconf 79' lang='lat' dir='ltr'>il</span> <span class='ocrx_word' id='word_1_456' title='bbox 1824 1893 1848 1916; x_wconf 77' lang='lat'>4.</span> <span class='ocrx_word' id='word_1_457' title='bbox 1868 1893 1914 1909; x_wconf 83' lang='lat' dir='ltr'>era</span> <span class='ocrx_word' id='word_1_458' title='bbox 1934 1885 2048 1909; x_wconf 71' lang='lat' dir='ltr'>mortedi</span> <span class='ocrx_word' id='word_1_459' title='bbox 2075 1894 2089 1909; x_wconf 79' lang='lat' dir='ltr'><em>c</em></span> <span class='ocrx_word' id='word_1_460' title='bbox 2115 1886 2159 1910; x_wconf 75' lang='lat' dir='ltr'>die</span> 
     </span>
    </p>
   </div>
   <div class='ocr_carea' id='block_1_9' title="bbox 321 1930 2006 2009">
    <p class='ocr_par' dir='ltr' id='par_1_9' title="bbox 321 1930 2006 2009">
     <span class='ocr_line' id='line_1_36' title="bbox 321 1930 1290 1965; baseline -0.003 -9"><span class='ocrx_word' id='word_1_461' title='bbox 321 1933 419 1957; x_wconf 78' lang='lat' dir='ltr'>martis</span> <span class='ocrx_word' id='word_1_462' title='bbox 439 1934 483 1965; x_wconf 78' lang='lat' dir='ltr'>iiij</span> <span class='ocrx_word' id='word_1_463' title='bbox 503 1932 571 1957; x_wconf 79' lang='lat' dir='ltr'>febr.</span> <span class='ocrx_word' id='word_1_464' title='bbox 592 1933 675 1957; x_wconf 71' lang='lat' dir='ltr'>hanno</span> <span class='ocrx_word' id='word_1_465' title='bbox 688 1933 728 1957; x_wconf 86' lang='lat' dir='ltr'>M.</span> <span class='ocrx_word' id='word_1_466' title='bbox 742 1942 754 1956; x_wconf 76' lang='lat' dir='ltr'><em>c</em></span> <span class='ocrx_word' id='word_1_467' title='bbox 767 1933 790 1955; x_wconf 85' lang='lat' dir='ltr'>il</span> <span class='ocrx_word' id='word_1_468' title='bbox 801 1932 867 1956; x_wconf 85' lang='lat' dir='ltr'>Chr.</span> <span class='ocrx_word' id='word_1_469' title='bbox 882 1932 938 1955; x_wconf 74' lang='lat' dir='ltr'>Eat.</span> <span class='ocrx_word' id='word_1_470' title='bbox 951 1932 1017 1961; x_wconf 76' lang='lat'>408:</span> <span class='ocrx_word' id='word_1_471' title='bbox 1037 1932 1104 1953; x_wconf 68' lang='lat' dir='ltr'>nella</span> <span class='ocrx_word' id='word_1_472' title='bbox 1123 1933 1202 1954; x_wconf 67' lang='lat' dir='ltr'>stesso</span> <span class='ocrx_word' id='word_1_473' title='bbox 1222 1930 1244 1953; x_wconf 84' lang='grc' dir='ltr'><em>Α</em></span> <span class='ocrx_word' id='word_1_474' title='bbox 1265 1931 1290 1954; x_wconf 76' lang='lat' dir='ltr'>si</span> 
     </span>
     <span class='ocr_line' id='line_1_37' title="bbox 324 1974 2006 2009; baseline -0.004 -7"><span class='ocrx_word' id='word_1_475' title='bbox 324 1979 399 2002; x_wconf 72' lang='lat' dir='ltr'>Mun.</span> <span class='ocrx_word' id='word_1_476' title='bbox 419 1991 450 1994; x_wconf 97' lang='lat'><strong>—</strong></span> <span class='ocrx_word' id='word_1_477' title='bbox 475 1985 513 2009; x_wconf 84' lang='lat'>19.</span> <span class='ocrx_word' id='word_1_478' title='bbox 534 1978 670 2002; x_wconf 80' lang='lat' dir='ltr'>Ganaceti</span> <span class='ocrx_word' id='word_1_479' title='bbox 690 1978 778 2006; x_wconf 67' lang='lat' dir='ltr'>Mun„</span> <span class='ocrx_word' id='word_1_480' title='bbox 799 1977 843 2001; x_wconf 86' lang='lat' dir='ltr'>Cr.</span> <span class='ocrx_word' id='word_1_481' title='bbox 863 1988 875 1993; x_wconf 90' lang='lat'>-</span> <span class='ocrx_word' id='word_1_482' title='bbox 894 1975 1073 2007; x_wconf 69' lang='lat' dir='ltr'>Capigaliani</span> <span class='ocrx_word' id='word_1_483' title='bbox 1103 1975 1133 1998; x_wconf 79' lang='grc' dir='ltr'>Α.</span> <span class='ocrx_word' id='word_1_484' title='bbox 1156 1988 1185 1991; x_wconf 91' lang='grc'>--</span> <span class='ocrx_word' id='word_1_485' title='bbox 1209 1981 1249 1998; x_wconf 78' lang='lat'>22.</span> <span class='ocrx_word' id='word_1_486' title='bbox 1276 1974 1354 1998; x_wconf 82' lang='lat' dir='ltr'>milia</span> <span class='ocrx_word' id='word_1_487' title='bbox 1381 1974 1537 1998; x_wconf 79' lang='lat' dir='ltr'>florentinis</span> <span class='ocrx_word' id='word_1_488' title='bbox 1565 1975 1611 2001; x_wconf 68' lang='lat' dir='ltr'>A.;</span> <span class='ocrx_word' id='word_1_489' title='bbox 1632 1974 1754 1998; x_wconf 84' lang='lat' dir='ltr'>millibus</span> <span class='ocrx_word' id='word_1_490' title='bbox 1774 1974 1885 1997; x_wconf 87' lang='lat' dir='ltr'>florenis</span> <span class='ocrx_word' id='word_1_491' title='bbox 1915 1974 2006 2002; x_wconf 73' lang='grc' dir='ltr'>Μυκ.;</span> 
     </span>
    </p>
   </div>
   <div class='ocr_carea' id='block_1_10' title="bbox 320 2020 907 2050">
    <p class='ocr_par' dir='ltr' id='par_1_10' title="bbox 320 2020 907 2050">
     <span class='ocr_line' id='line_1_38' title="bbox 320 2020 907 2050; baseline -0.005 -5"><span class='ocrx_word' id='word_1_492' title='bbox 320 2022 477 2046; x_wconf 65' lang='lat' dir='ltr'>florentinis</span> <span class='ocrx_word' id='word_1_493' title='bbox 499 2022 560 2050; x_wconf 58' lang='lat' dir='ltr'>Cre,</span> <span class='ocrx_word' id='word_1_494' title='bbox 580 2021 669 2045; x_wconf 85' lang='lat' dir='ltr'>millia</span> <span class='ocrx_word' id='word_1_495' title='bbox 687 2020 854 2044; x_wconf 83' lang='lat' dir='ltr'>florenorum</span> <span class='ocrx_word' id='word_1_496' title='bbox 876 2020 907 2042; x_wconf 79' lang='lat' dir='ltr'><em>M</em></span> 
     </span>
    </p>
   </div>
   <div class='ocr_carea' id='block_1_11' title="bbox 1307 1929 2162 1998">
    <p class='ocr_par' dir='ltr' id='par_1_11' title="bbox 1307 1929 2162 1998">
     <span class='ocr_line' id='line_1_39' title="bbox 1307 1929 2162 1963; baseline 0.001 -10"><span class='ocrx_word' id='word_1_497' title='bbox 1307 1931 1340 1953; x_wconf 78' lang='lat' dir='ltr'>lm</span> <span class='ocrx_word' id='word_1_498' title='bbox 1359 1930 1473 1954; x_wconf 75' lang='lat' dir='ltr'>martedi</span> <span class='ocrx_word' id='word_1_499' title='bbox 1490 1929 1537 1960; x_wconf 66' lang='lat' dir='ltr'>pit&gt;</span> <span class='ocrx_word' id='word_1_500' title='bbox 1556 1934 1634 1957; x_wconf 75' lang='lat' dir='ltr'>sotto,</span> <span class='ocrx_word' id='word_1_501' title='bbox 1654 1931 1671 1954; x_wconf 88' lang='lat' dir='ltr'>l.</span> <span class='ocrx_word' id='word_1_502' title='bbox 1691 1937 1722 1954; x_wconf 77' lang='lat'>21</span> <span class='ocrx_word' id='word_1_503' title='bbox 1737 1942 1748 1947; x_wconf 92' lang='lat'>-</span> <span class='ocrx_word' id='word_1_504' title='bbox 1761 1929 1923 1961; x_wconf 81' lang='lat' dir='ltr'>Campagna</span> <span class='ocrx_word' id='word_1_505' title='bbox 1938 1930 1984 1959; x_wconf 80' lang='lat' dir='ltr'>A.;</span> <span class='ocrx_word' id='word_1_506' title='bbox 1999 1930 2162 1963; x_wconf 84' lang='lat' dir='ltr'>Compagna</span> 
     </span>
     <span class='ocr_line' id='line_1_40' title="bbox 2035 1974 2160 1998; baseline 0.008 -1"><span class='ocrx_word' id='word_1_507' title='bbox 2035 1974 2160 1998; x_wconf 87' lang='lat' dir='ltr'>millibus</span> 
     </span>
    </p>
   </div>
   <div class='ocr_carea' id='block_1_12' title="bbox 324 2107 1220 2976">
    <p class='ocr_par' dir='ltr' id='par_1_12' title="bbox 324 2107 1215 2266">
     <span class='ocr_line' id='line_1_41' title="bbox 327 2107 1213 2141; baseline -0.003 -8"><span class='ocrx_word' id='word_1_508' title='bbox 327 2110 393 2133; x_wconf 79' lang='lat' dir='ltr'>blici</span> <span class='ocrx_word' id='word_1_509' title='bbox 409 2110 509 2141; x_wconf 67' lang='lat' dir='ltr'>(Mem,</span> <span class='ocrx_word' id='word_1_510' title='bbox 527 2118 548 2133; x_wconf 84' lang='lat' dir='ltr'>a.</span> <span class='ocrx_word' id='word_1_511' title='bbox 566 2116 638 2141; x_wconf 81' lang='lat'>¹343·</span> <span class='ocrx_word' id='word_1_512' title='bbox 654 2109 686 2135; x_wconf 83' lang='grc' dir='ltr'>ΙΙ,</span> <span class='ocrx_word' id='word_1_513' title='bbox 702 2117 747 2132; x_wconf 87' lang='lat' dir='ltr'>nn.</span> <span class='ocrx_word' id='word_1_514' title='bbox 764 2115 803 2140; x_wconf 78' lang='lat'>55,</span> <span class='ocrx_word' id='word_1_515' title='bbox 821 2115 878 2134; x_wconf 74' lang='lat'>201,</span> <span class='ocrx_word' id='word_1_516' title='bbox 893 2107 952 2139; x_wconf 77' lang='lat'>807.</span> <span class='ocrx_word' id='word_1_517' title='bbox 967 2107 1025 2139; x_wconf 81' lang='lat'>856,</span> <span class='ocrx_word' id='word_1_518' title='bbox 1041 2114 1092 2139; x_wconf 86' lang='lat'>990</span> <span class='ocrx_word' id='word_1_519' title='bbox 1105 2115 1118 2130; x_wconf 82' lang='grc' dir='ltr'>ε·</span> <span class='ocrx_word' id='word_1_520' title='bbox 1136 2112 1213 2137; x_wconf 85' lang='grc'>1170;</span> 
     </span>
     <span class='ocr_line' id='line_1_42' title="bbox 328 2149 1215 2175; baseline -0.003 0"><span class='ocrx_word' id='word_1_521' title='bbox 328 2152 459 2175; x_wconf 78' lang='lat' dir='ltr'>“nobilis</span> <span class='ocrx_word' id='word_1_522' title='bbox 479 2153 521 2175; x_wconf 84' lang='lat' dir='ltr'>vir</span> <span class='ocrx_word' id='word_1_523' title='bbox 543 2150 697 2175; x_wconf 88' lang='lat' dir='ltr'>Nicholaus</span> <span class='ocrx_word' id='word_1_524' title='bbox 727 2151 758 2174; x_wconf 81' lang='lat' dir='ltr'>de</span> <span class='ocrx_word' id='word_1_525' title='bbox 787 2149 962 2174; x_wconf 79' lang='lat' dir='ltr'>Macharuffis</span> <span class='ocrx_word' id='word_1_526' title='bbox 988 2150 1020 2173; x_wconf 84' lang='lat' dir='ltr'>de</span> <span class='ocrx_word' id='word_1_527' title='bbox 1049 2149 1142 2173; x_wconf 87' lang='lat' dir='ltr'>Padua</span> <span class='ocrx_word' id='word_1_528' title='bbox 1156 2167 1166 2175; x_wconf 74' lang='grc'>.,</span> <span class='ocrx_word' id='word_1_529' title='bbox 1188 2157 1215 2171; x_wconf 88' lang='lat' dir='ltr'>v.</span> 
     </span>
     <span class='ocr_line' id='line_1_43' title="bbox 324 2190 1214 2222; baseline -0.002 -5"><span class='ocrx_word' id='word_1_530' title='bbox 324 2194 412 2217; x_wconf 84' lang='lat' dir='ltr'>anche</span> <span class='ocrx_word' id='word_1_531' title='bbox 433 2194 603 2217; x_wconf 79' lang='lat' dir='ltr'>srammento</span> <span class='ocrx_word' id='word_1_532' title='bbox 624 2193 651 2216; x_wconf 80' lang='lat' dir='ltr'>di</span> <span class='ocrx_word' id='word_1_533' title='bbox 673 2194 725 2216; x_wconf 89' lang='lat' dir='ltr'>due</span> <span class='ocrx_word' id='word_1_534' title='bbox 746 2192 894 2216; x_wconf 78' lang='lat' dir='ltr'>condanne</span> <span class='ocrx_word' id='word_1_535' title='bbox 916 2193 943 2215; x_wconf 89' lang='lat' dir='ltr'>in</span> <span class='ocrx_word' id='word_1_536' title='bbox 965 2192 1038 2215; x_wconf 68' lang='lat' dir='ltr'>Mem.</span> <span class='ocrx_word' id='word_1_537' title='bbox 1058 2198 1082 2214; x_wconf 78' lang='lat' dir='ltr'>a.</span> <span class='ocrx_word' id='word_1_538' title='bbox 1101 2190 1173 2222; x_wconf 84' lang='lat'>1362,</span> <span class='ocrx_word' id='word_1_539' title='bbox 1189 2191 1214 2215; x_wconf 85' lang='lat' dir='ltr'>l:</span> 
     </span>
     <span class='ocr_line' id='line_1_44' title="bbox 325 2231 802 2266; baseline -0.002 -7"><span class='ocrx_word' id='word_1_540' title='bbox 325 2236 359 2259; x_wconf 65' lang='lat' dir='ltr'>cs⁴</span> <span class='ocrx_word' id='word_1_541' title='bbox 381 2236 494 2263; x_wconf 78' lang='lat' dir='ltr'>V101N1‚</span> <span class='ocrx_word' id='word_1_542' title='bbox 514 2240 553 2266; x_wconf 81' lang='lat' dir='ltr'>op.</span> <span class='ocrx_word' id='word_1_543' title='bbox 574 2236 628 2264; x_wconf 59' lang='lat' dir='ltr'>cit„</span> <span class='ocrx_word' id='word_1_544' title='bbox 648 2235 682 2261; x_wconf 73' lang='grc' dir='ltr'>ΙΙ,</span> <span class='ocrx_word' id='word_1_545' title='bbox 704 2231 802 2266; x_wconf 80' lang='lat'>17-18).</span> 
     </span>
    </p>

    <p class='ocr_par' dir='ltr' id='par_1_13' title="bbox 327 2274 1218 2394">
     <span class='ocr_line' id='line_1_45' title="bbox 414 2274 1214 2309; baseline -0.005 -8"><span class='ocrx_word' id='word_1_546' title='bbox 414 2276 420 2292; x_wconf 77' lang='lat'><strong>¹</strong></span> <span class='ocrx_word' id='word_1_547' title='bbox 445 2278 481 2301; x_wconf 91' lang='lat' dir='ltr'>Di</span> <span class='ocrx_word' id='word_1_548' title='bbox 502 2278 591 2309; x_wconf 85' lang='lat' dir='ltr'>questi</span> <span class='ocrx_word' id='word_1_549' title='bbox 616 2277 717 2301; x_wconf 78' lang='lat' dir='ltr'>fautori</span> <span class='ocrx_word' id='word_1_550' title='bbox 739 2276 812 2307; x_wconf 83' lang='lat' dir='ltr'>degli</span> <span class='ocrx_word' id='word_1_551' title='bbox 835 2276 943 2299; x_wconf 81' lang='lat' dir='ltr'>Estensi</span> <span class='ocrx_word' id='word_1_552' title='bbox 968 2277 995 2298; x_wconf 87' lang='lat' dir='ltr'>in</span> <span class='ocrx_word' id='word_1_553' title='bbox 1010 2275 1107 2299; x_wconf 85' lang='lat' dir='ltr'>Parma</span> <span class='ocrx_word' id='word_1_554' title='bbox 1122 2274 1214 2298; x_wconf 85' lang='lat' dir='ltr'>alcuni</span> 
     </span>
     <span class='ocr_line' id='line_1_46' title="bbox 327 2317 1218 2351; baseline -0.004 -8"><span class='ocrx_word' id='word_1_555' title='bbox 327 2321 428 2343; x_wconf 79' lang='lat' dir='ltr'>furono</span> <span class='ocrx_word' id='word_1_556' title='bbox 442 2321 489 2351; x_wconf 90' lang='lat' dir='ltr'>poi</span> <span class='ocrx_word' id='word_1_557' title='bbox 510 2321 631 2351; x_wconf 84' lang='lat' dir='ltr'>presenti</span> <span class='ocrx_word' id='word_1_558' title='bbox 648 2327 662 2342; x_wconf 87' lang='lat' dir='ltr'>e</span> <span class='ocrx_word' id='word_1_559' title='bbox 682 2320 818 2350; x_wconf 77' lang='lat' dir='ltr'>partecipi</span> <span class='ocrx_word' id='word_1_560' title='bbox 834 2318 882 2341; x_wconf 82' lang='lat' dir='ltr'>all’</span> <span class='ocrx_word' id='word_1_561' title='bbox 884 2320 943 2341; x_wconf 83' lang='lat' dir='ltr'>atto</span> <span class='ocrx_word' id='word_1_562' title='bbox 957 2317 1000 2341; x_wconf 87' lang='lat' dir='ltr'>del</span> <span class='ocrx_word' id='word_1_563' title='bbox 1022 2324 1054 2348; x_wconf 73' lang='lat'>24</span> <span class='ocrx_word' id='word_1_564' title='bbox 1069 2317 1218 2340; x_wconf 82' lang='lat' dir='ltr'>novembre</span> 
     </span>
     <span class='ocr_line' id='line_1_47' title="bbox 328 2358 1218 2394; baseline -0.005 -9"><span class='ocrx_word' id='word_1_565' title='bbox 328 2368 402 2394; x_wconf 72' lang='lat'>1344</span> <span class='ocrx_word' id='word_1_566' title='bbox 417 2362 466 2385; x_wconf 84' lang='lat' dir='ltr'>che</span> <span class='ocrx_word' id='word_1_567' title='bbox 481 2369 541 2385; x_wconf 87' lang='lat' dir='ltr'>sara</span> <span class='ocrx_word' id='word_1_568' title='bbox 556 2362 643 2384; x_wconf 82' lang='lat' dir='ltr'>citato</span> <span class='ocrx_word' id='word_1_569' title='bbox 665 2368 679 2383; x_wconf 85' lang='lat' dir='ltr'>a</span> <span class='ocrx_word' id='word_1_570' title='bbox 693 2368 718 2390; x_wconf 89' lang='lat' dir='ltr'>p.</span> <span class='ocrx_word' id='word_1_571' title='bbox 737 2359 792 2385; x_wconf 78' lang='lat'>126</span> <span class='ocrx_word' id='word_1_572' title='bbox 809 2361 874 2383; x_wconf 84' lang='lat' dir='ltr'>nota</span> <span class='ocrx_word' id='word_1_573' title='bbox 889 2366 918 2390; x_wconf 82' lang='grc'>3;</span> <span class='ocrx_word' id='word_1_574' title='bbox 935 2359 979 2382; x_wconf 82' lang='lat' dir='ltr'>nel</span> <span class='ocrx_word' id='word_1_575' title='bbox 994 2358 1073 2389; x_wconf 76' lang='lat' dir='ltr'>quale</span> <span class='ocrx_word' id='word_1_576' title='bbox 1089 2359 1109 2382; x_wconf 84' lang='lat' dir='ltr'>si</span> <span class='ocrx_word' id='word_1_577' title='bbox 1126 2358 1218 2389; x_wconf 82' lang='lat' dir='ltr'>legge:</span> 
     </span>
    </p>

    <p class='ocr_par' dir='ltr' id='par_1_14' title="bbox 334 2400 1219 2431">
     <span class='ocr_line' id='line_1_48' title="bbox 334 2400 1219 2431; baseline -0.006 -3.89"><span class='ocrx_word' id='word_1_578' title='bbox 334 2404 380 2426; x_wconf 87' lang='lat' dir='ltr'>‘in</span> <span class='ocrx_word' id='word_1_579' title='bbox 402 2403 602 2427; x_wconf 78' lang='lat' dir='ltr'>reformatione</span> <span class='ocrx_word' id='word_1_580' title='bbox 626 2403 705 2425; x_wconf 79' lang='lat' dir='ltr'>cuius</span> <span class='ocrx_word' id='word_1_581' title='bbox 725 2401 864 2427; x_wconf 73' lang='lat' dir='ltr'>conscilii</span> <span class='ocrx_word' id='word_1_582' title='bbox 886 2402 914 2424; x_wconf 90' lang='lat' dir='ltr'>in</span> <span class='ocrx_word' id='word_1_583' title='bbox 935 2408 989 2431; x_wconf 92' lang='lat' dir='ltr'>quo</span> <span class='ocrx_word' id='word_1_584' title='bbox 1012 2401 1123 2423; x_wconf 82' lang='lat' dir='ltr'>fuerunt</span> <span class='ocrx_word' id='word_1_585' title='bbox 1142 2400 1219 2430; x_wconf 86' lang='lat' dir='ltr'>quin-</span> 
     </span>
    </p>

    <p class='ocr_par' dir='ltr' id='par_1_15' title="bbox 327 2443 1218 2683">
     <span class='ocr_line' id='line_1_49' title="bbox 327 2443 1218 2476; baseline -0.005 -7"><span class='ocrx_word' id='word_1_586' title='bbox 327 2449 338 2457; x_wconf 75' lang='grc'><em>“</em></span> <span class='ocrx_word' id='word_1_587' title='bbox 351 2446 427 2476; x_wconf 81' lang='lat' dir='ltr'>genti</span> <span class='ocrx_word' id='word_1_588' title='bbox 450 2445 623 2468; x_wconf 77' lang='lat' dir='ltr'>consciliarii</span> <span class='ocrx_word' id='word_1_589' title='bbox 645 2447 671 2468; x_wconf 89' lang='lat' dir='ltr'>et</span> <span class='ocrx_word' id='word_1_590' title='bbox 692 2444 785 2475; x_wconf 88' lang='lat' dir='ltr'>plures</span> <span class='ocrx_word' id='word_1_591' title='bbox 799 2446 825 2467; x_wconf 75' lang='lat' dir='ltr'>et</span> <span class='ocrx_word' id='word_1_592' title='bbox 840 2445 913 2467; x_wconf 85' lang='lat' dir='ltr'>inter</span> <span class='ocrx_word' id='word_1_593' title='bbox 927 2445 1032 2466; x_wconf 83' lang='lat' dir='ltr'>ceteros</span> <span class='ocrx_word' id='word_1_594' title='bbox 1048 2443 1159 2466; x_wconf 81' lang='lat' dir='ltr'>suerunt</span> <span class='ocrx_word' id='word_1_595' title='bbox 1174 2450 1218 2465; x_wconf 90' lang='lat' dir='ltr'>no-</span> 
     </span>
     <span class='ocr_line' id='line_1_50' title="bbox 328 2483 1218 2516; baseline -0.003 -6"><span class='ocrx_word' id='word_1_596' title='bbox 328 2487 422 2511; x_wconf 78' lang='lat' dir='ltr'>“biles</span> <span class='ocrx_word' id='word_1_597' title='bbox 443 2488 497 2510; x_wconf 87' lang='lat' dir='ltr'>viri</span> <span class='ocrx_word' id='word_1_598' title='bbox 518 2487 626 2510; x_wconf 88' lang='lat' dir='ltr'>domini</span> <span class='ocrx_word' id='word_1_599' title='bbox 648 2485 715 2513; x_wconf 81' lang='lat' dir='ltr'>Azo,</span> <span class='ocrx_word' id='word_1_600' title='bbox 738 2486 875 2509; x_wconf 82' lang='lat' dir='ltr'>Iohannes</span> <span class='ocrx_word' id='word_1_601' title='bbox 895 2488 921 2509; x_wconf 88' lang='lat' dir='ltr'>et</span> <span class='ocrx_word' id='word_1_602' title='bbox 942 2485 1086 2516; x_wconf 83' lang='lat' dir='ltr'>Cagnolus</span> <span class='ocrx_word' id='word_1_603' title='bbox 1105 2484 1137 2507; x_wconf 87' lang='lat' dir='ltr'>de</span> <span class='ocrx_word' id='word_1_604' title='bbox 1153 2483 1218 2507; x_wconf 84' lang='lat' dir='ltr'>Cor-</span> 
     </span>
     <span class='ocr_line' id='line_1_51' title="bbox 329 2525 1218 2559; baseline -0.003 -8"><span class='ocrx_word' id='word_1_605' title='bbox 329 2531 339 2540; x_wconf 78' lang='lat'>¹¹</span> <span class='ocrx_word' id='word_1_606' title='bbox 354 2529 433 2559; x_wconf 78' lang='lat' dir='ltr'>rigia.</span> <span class='ocrx_word' id='word_1_607' title='bbox 461 2527 522 2559; x_wconf 85' lang='lat' dir='ltr'>Ugo</span> <span class='ocrx_word' id='word_1_608' title='bbox 553 2528 670 2551; x_wconf 79' lang='lat' dir='ltr'>Vetulus</span> <span class='ocrx_word' id='word_1_609' title='bbox 698 2528 730 2551; x_wconf 87' lang='lat' dir='ltr'>de</span> <span class='ocrx_word' id='word_1_610' title='bbox 759 2527 871 2551; x_wconf 74' lang='lat' dir='ltr'>Rubeis.</span> <span class='ocrx_word' id='word_1_611' title='bbox 900 2526 1038 2557; x_wconf 79' lang='lat' dir='ltr'>Ugolotus</span> <span class='ocrx_word' id='word_1_612' title='bbox 1064 2526 1096 2549; x_wconf 87' lang='lat' dir='ltr'>(le</span> <span class='ocrx_word' id='word_1_613' title='bbox 1122 2525 1218 2556; x_wconf 70' lang='lat' dir='ltr'>Lupis„</span> 
     </span>
     <span class='ocr_line' id='line_1_52' title="bbox 328 2566 1218 2597; baseline -0.002 -4"><span class='ocrx_word' id='word_1_614' title='bbox 328 2569 486 2593; x_wconf 79' lang='lat' dir='ltr'>“Gibertus</span> <span class='ocrx_word' id='word_1_615' title='bbox 517 2570 550 2593; x_wconf 77' lang='lat' dir='ltr'>de</span> <span class='ocrx_word' id='word_1_616' title='bbox 574 2568 677 2592; x_wconf 80' lang='lat' dir='ltr'>Sancto</span> <span class='ocrx_word' id='word_1_617' title='bbox 697 2569 795 2597; x_wconf 81' lang='lat' dir='ltr'>vitali,</span> <span class='ocrx_word' id='word_1_618' title='bbox 828 2568 1015 2592; x_wconf 81' lang='lat' dir='ltr'>Bernardinus</span> <span class='ocrx_word' id='word_1_619' title='bbox 1042 2568 1075 2591; x_wconf 82' lang='lat' dir='ltr'>de</span> <span class='ocrx_word' id='word_1_620' title='bbox 1102 2566 1218 2591; x_wconf 84' lang='lat' dir='ltr'>Cruvia-</span> 
     </span>
     <span class='ocr_line' id='line_1_53' title="bbox 328 2609 1217 2641; baseline -0.002 -8"><span class='ocrx_word' id='word_1_621' title='bbox 328 2613 393 2641; x_wconf 70' lang='lat' dir='ltr'>⁴⁴co,</span> <span class='ocrx_word' id='word_1_622' title='bbox 422 2611 622 2635; x_wconf 81' lang='lat' dir='ltr'>Brandalixius</span> <span class='ocrx_word' id='word_1_623' title='bbox 652 2612 684 2634; x_wconf 84' lang='lat' dir='ltr'>de</span> <span class='ocrx_word' id='word_1_624' title='bbox 714 2611 844 2634; x_wconf 82' lang='lat' dir='ltr'>Marrano</span> <span class='ocrx_word' id='word_1_625' title='bbox 865 2613 891 2633; x_wconf 86' lang='lat' dir='ltr'>et</span> <span class='ocrx_word' id='word_1_626' title='bbox 916 2609 1066 2633; x_wconf 72' lang='lat' dir='ltr'>Anselmus</span> <span class='ocrx_word' id='word_1_627' title='bbox 1091 2610 1124 2632; x_wconf 83' lang='lat' dir='ltr'>de</span> <span class='ocrx_word' id='word_1_628' title='bbox 1148 2609 1217 2632; x_wconf 81' lang='lat' dir='ltr'>Mar—</span> 
     </span>
     <span class='ocr_line' id='line_1_54' title="bbox 328 2653 455 2683; baseline 0 -7"><span class='ocrx_word' id='word_1_629' title='bbox 328 2653 339 2664; x_wconf 74' lang='lat'>*¹</span> <span class='ocrx_word' id='word_1_630' title='bbox 353 2661 420 2677; x_wconf 85' lang='lat' dir='ltr'>rano</span> <span class='ocrx_word' id='word_1_631' title='bbox 432 2671 455 2683; x_wconf 85' lang='lat'>,‚.</span> 
     </span>
    </p>

    <p class='ocr_par' dir='ltr' id='par_1_16' title="bbox 326 2692 1220 2852">
     <span class='ocr_line' id='line_1_55' title="bbox 413 2692 1220 2725; baseline -0.002 -7"><span class='ocrx_word' id='word_1_632' title='bbox 413 2693 424 2709; x_wconf 76' lang='lat'><strong>²</strong></span> <span class='ocrx_word' id='word_1_633' title='bbox 445 2695 488 2718; x_wconf 81' lang='lat' dir='ltr'>Cf.</span> <span class='ocrx_word' id='word_1_634' title='bbox 509 2692 600 2722; x_wconf 69' lang='lat' dir='ltr'>AFFb,</span> <span class='ocrx_word' id='word_1_635' title='bbox 622 2696 660 2719; x_wconf 69' lang='lat' dir='ltr'>St.</span> <span class='ocrx_word' id='word_1_636' title='bbox 680 2695 709 2717; x_wconf 79' lang='lat' dir='ltr'>di</span> <span class='ocrx_word' id='word_1_637' title='bbox 729 2695 838 2724; x_wconf 77' lang='lat' dir='ltr'>Parma,</span> <span class='ocrx_word' id='word_1_638' title='bbox 860 2694 905 2723; x_wconf 83' lang='lat' dir='ltr'>IV,</span> <span class='ocrx_word' id='word_1_639' title='bbox 926 2700 986 2725; x_wconf 80' lang='lat'>323,</span> <span class='ocrx_word' id='word_1_640' title='bbox 1006 2694 1054 2717; x_wconf 79' lang='lat' dir='ltr'>che</span> <span class='ocrx_word' id='word_1_641' title='bbox 1074 2694 1134 2717; x_wconf 81' lang='lat' dir='ltr'>dice</span> <span class='ocrx_word' id='word_1_642' title='bbox 1149 2701 1220 2717; x_wconf 75' lang='lat' dir='ltr'>acca·</span> 
     </span>
     <span class='ocr_line' id='line_1_56' title="bbox 326 2735 1219 2767; baseline -0.002 -7"><span class='ocrx_word' id='word_1_643' title='bbox 326 2738 394 2760; x_wconf 86' lang='lat' dir='ltr'>duto</span> <span class='ocrx_word' id='word_1_644' title='bbox 415 2737 435 2759; x_wconf 89' lang='lat' dir='ltr'>il</span> <span class='ocrx_word' id='word_1_645' title='bbox 458 2737 528 2760; x_wconf 85' lang='lat' dir='ltr'>fatto</span> <span class='ocrx_word' id='word_1_646' title='bbox 550 2736 568 2759; x_wconf 86' lang='lat' dir='ltr'>il</span> <span class='ocrx_word' id='word_1_647' title='bbox 589 2743 603 2767; x_wconf 80' lang='lat'>3</span> <span class='ocrx_word' id='word_1_648' title='bbox 619 2737 753 2767; x_wconf 87' lang='lat' dir='ltr'>gennaio:</span> <span class='ocrx_word' id='word_1_649' title='bbox 775 2744 818 2759; x_wconf 88' lang='lat' dir='ltr'>ma</span> <span class='ocrx_word' id='word_1_650' title='bbox 838 2735 851 2759; x_wconf 73' lang='lat' dir='ltr'>&#39;e</span> <span class='ocrx_word' id='word_1_651' title='bbox 866 2736 941 2759; x_wconf 82' lang='lat' dir='ltr'>forse</span> <span class='ocrx_word' id='word_1_652' title='bbox 960 2742 1055 2759; x_wconf 87' lang='lat' dir='ltr'>errore</span> <span class='ocrx_word' id='word_1_653' title='bbox 1075 2735 1219 2766; x_wconf 75' lang='lat' dir='ltr'>materjale</span> 
     </span>
     <span class='ocr_line' id='line_1_57' title="bbox 327 2775 1217 2810; baseline -0.002 -8"><span class='ocrx_word' id='word_1_654' title='bbox 327 2779 354 2802; x_wconf 91' lang='lat' dir='ltr'>di</span> <span class='ocrx_word' id='word_1_655' title='bbox 375 2781 497 2810; x_wconf 75' lang='lat' dir='ltr'>stampa.</span> <span class='ocrx_word' id='word_1_656' title='bbox 516 2776 565 2802; x_wconf 67' lang='lat' dir='ltr'>che</span> <span class='ocrx_word' id='word_1_657' title='bbox 586 2778 605 2801; x_wconf 87' lang='lat' dir='ltr'>il</span> <span class='ocrx_word' id='word_1_658' title='bbox 626 2785 640 2809; x_wconf 86' lang='lat'>3</span> <span class='ocrx_word' id='word_1_659' title='bbox 662 2778 690 2801; x_wconf 87' lang='lat' dir='ltr'>di</span> <span class='ocrx_word' id='word_1_660' title='bbox 710 2778 834 2807; x_wconf 68' lang='lat' dir='ltr'>gennaio</span> <span class='ocrx_word' id='word_1_661' title='bbox 855 2778 883 2801; x_wconf 83' lang='lat' dir='ltr'>fu</span> <span class='ocrx_word' id='word_1_662' title='bbox 903 2785 940 2801; x_wconf 90' lang='lat' dir='ltr'>un</span> <span class='ocrx_word' id='word_1_663' title='bbox 966 2775 1090 2804; x_wconf 75' lang='lat' dir='ltr'>venerdl,</span> <span class='ocrx_word' id='word_1_664' title='bbox 1112 2777 1217 2800; x_wconf 80' lang='lat' dir='ltr'>mentre</span> 
     </span>
     <span class='ocr_line' id='line_1_58' title="bbox 328 2817 751 2852; baseline -0.005 -8"><span class='ocrx_word' id='word_1_665' title='bbox 328 2821 347 2844; x_wconf 81' lang='lat' dir='ltr'>il</span> <span class='ocrx_word' id='word_1_666' title='bbox 369 2827 400 2851; x_wconf 78' lang='lat'>23</span> <span class='ocrx_word' id='word_1_667' title='bbox 421 2822 549 2852; x_wconf 85' lang='lat' dir='ltr'>appunto</span> <span class='ocrx_word' id='word_1_668' title='bbox 568 2827 605 2843; x_wconf 90' lang='lat' dir='ltr'>un</span> <span class='ocrx_word' id='word_1_669' title='bbox 625 2817 751 2851; x_wconf 71' lang='lat' dir='ltr'>giovedl.</span> 
     </span>
    </p>

    <p class='ocr_par' dir='ltr' id='par_1_17' title="bbox 328 2860 1217 2976">
     <span class='ocr_line' id='line_1_59' title="bbox 414 2860 1217 2892; baseline -0.002 -7"><span class='ocrx_word' id='word_1_670' title='bbox 414 2861 425 2876; x_wconf 78' lang='lat'>³</span> <span class='ocrx_word' id='word_1_671' title='bbox 437 2861 613 2885; x_wconf 78' lang='lat' dir='ltr'>Maresciallo</span> <span class='ocrx_word' id='word_1_672' title='bbox 629 2862 703 2885; x_wconf 87' lang='lat' dir='ltr'>nella</span> <span class='ocrx_word' id='word_1_673' title='bbox 717 2861 793 2885; x_wconf 86' lang='lat' dir='ltr'>Gran</span> <span class='ocrx_word' id='word_1_674' title='bbox 808 2860 985 2892; x_wconf 85' lang='lat' dir='ltr'>Compagnia</span> <span class='ocrx_word' id='word_1_675' title='bbox 996 2861 1039 2884; x_wconf 88' lang='lat' dir='ltr'>del</span> <span class='ocrx_word' id='word_1_676' title='bbox 1052 2861 1120 2884; x_wconf 75' lang='lat' dir='ltr'>duca</span> <span class='ocrx_word' id='word_1_677' title='bbox 1133 2860 1217 2884; x_wconf 78' lang='lat' dir='ltr'>Guar-</span> 
     </span>
     <span class='ocr_line' id='line_1_60' title="bbox 328 2902 1216 2935; baseline -0.002 -8"><span class='ocrx_word' id='word_1_678' title='bbox 328 2905 396 2927; x_wconf 84' lang='lat' dir='ltr'>nieri</span> <span class='ocrx_word' id='word_1_679' title='bbox 413 2905 439 2927; x_wconf 82' lang='lat' dir='ltr'>di</span> <span class='ocrx_word' id='word_1_680' title='bbox 457 2903 608 2935; x_wconf 80' lang='lat' dir='ltr'>Urslingen</span> <span class='ocrx_word' id='word_1_681' title='bbox 624 2903 670 2934; x_wconf 78' lang='lat' dir='ltr'>(cf.</span> <span class='ocrx_word' id='word_1_682' title='bbox 687 2905 752 2926; x_wconf 82' lang='lat' dir='ltr'>nota</span> <span class='ocrx_word' id='word_1_683' title='bbox 768 2902 792 2932; x_wconf 84' lang='lat'>8,</span> <span class='ocrx_word' id='word_1_684' title='bbox 805 2909 832 2934; x_wconf 85' lang='lat' dir='ltr'>p.</span> <span class='ocrx_word' id='word_1_685' title='bbox 846 2902 906 2933; x_wconf 79' lang='lat'><em>118)</em></span> <span class='ocrx_word' id='word_1_686' title='bbox 921 2903 1027 2926; x_wconf 88' lang='lat' dir='ltr'>sembra</span> <span class='ocrx_word' id='word_1_687' title='bbox 1040 2909 1127 2926; x_wconf 82' lang='lat' dir='ltr'>essere</span> <span class='ocrx_word' id='word_1_688' title='bbox 1142 2903 1216 2925; x_wconf 86' lang='lat' dir='ltr'>stato</span> 
     </span>
     <span class='ocr_line' id='line_1_61' title="bbox 329 2942 1216 2976; baseline -0.002 -8"><span class='ocrx_word' id='word_1_689' title='bbox 329 2945 422 2969; x_wconf 88' lang='lat' dir='ltr'>Guido</span> <span class='ocrx_word' id='word_1_690' title='bbox 436 2945 533 2968; x_wconf 83' lang='lat' dir='ltr'>Riccio</span> <span class='ocrx_word' id='word_1_691' title='bbox 548 2946 576 2969; x_wconf 92' lang='lat' dir='ltr'>di</span> <span class='ocrx_word' id='word_1_692' title='bbox 589 2945 737 2976; x_wconf 80' lang='lat' dir='ltr'>Fogliano,</span> <span class='ocrx_word' id='word_1_693' title='bbox 748 2945 796 2968; x_wconf 81' lang='lat' dir='ltr'>che</span> <span class='ocrx_word' id='word_1_694' title='bbox 807 2942 878 2968; x_wconf 70' lang='lat' dir='ltr'>morl</span> <span class='ocrx_word' id='word_1_695' title='bbox 890 2945 936 2975; x_wconf 89' lang='lat' dir='ltr'>poi</span> <span class='ocrx_word' id='word_1_696' title='bbox 950 2945 977 2967; x_wconf 91' lang='lat' dir='ltr'>in</span> <span class='ocrx_word' id='word_1_697' title='bbox 991 2944 1074 2968; x_wconf 81' lang='lat' dir='ltr'>Siena</span> <span class='ocrx_word' id='word_1_698' title='bbox 1085 2944 1216 2974; x_wconf 81' lang='lat' dir='ltr'>capitano</span> 
     </span>
    </p>
   </div>
   <div class='ocr_carea' id='block_1_13' title="bbox 1268 2105 2163 2974">
    <p class='ocr_par' dir='ltr' id='par_1_18' title="bbox 1268 2105 2004 2137">
     <span class='ocr_line' id='line_1_62' title="bbox 1268 2105 2004 2137; baseline 0 -7"><span class='ocrx_word' id='word_1_699' title='bbox 1268 2108 1406 2137; x_wconf 81' lang='lat' dir='ltr'>diguerra</span> <span class='ocrx_word' id='word_1_700' title='bbox 1419 2107 1462 2130; x_wconf 87' lang='lat' dir='ltr'>nel</span> <span class='ocrx_word' id='word_1_701' title='bbox 1478 2113 1541 2137; x_wconf 80' lang='lat'>135:</span> <span class='ocrx_word' id='word_1_702' title='bbox 1564 2107 1609 2135; x_wconf 65' lang='lat' dir='ltr'>(cs⁴</span> <span class='ocrx_word' id='word_1_703' title='bbox 1632 2107 1695 2130; x_wconf 68' lang='grc' dir='ltr'>ΕΗ.</span> <span class='ocrx_word' id='word_1_704' title='bbox 1719 2107 1754 2130; x_wconf 90' lang='lat' dir='ltr'>ll.</span> <span class='ocrx_word' id='word_1_705' title='bbox 1778 2106 1834 2132; x_wconf 40' lang='lat'>55..</span> <span class='ocrx_word' id='word_1_706' title='bbox 1854 2106 1914 2135; x_wconf 73' lang='lat' dir='ltr'>XV,</span> <span class='ocrx_word' id='word_1_707' title='bbox 1938 2105 2004 2136; x_wconf 80' lang='lat'>128).</span> 
     </span>
    </p>

    <p class='ocr_par' dir='ltr' id='par_1_19' title="bbox 1270 2147 2163 2556">
     <span class='ocr_line' id='line_1_63' title="bbox 1358 2147 2162 2179; baseline 0 -8"><span class='ocrx_word' id='word_1_708' title='bbox 1358 2147 1368 2163; x_wconf 84' lang='lat'><strong><em>⁴</em></strong></span> <span class='ocrx_word' id='word_1_709' title='bbox 1381 2149 1456 2172; x_wconf 87' lang='lat' dir='ltr'>Sono</span> <span class='ocrx_word' id='word_1_710' title='bbox 1472 2150 1537 2172; x_wconf 83' lang='lat' dir='ltr'>tutti</span> <span class='ocrx_word' id='word_1_711' title='bbox 1554 2149 1671 2179; x_wconf 82' lang='lat' dir='ltr'>villaggi</span> <span class='ocrx_word' id='word_1_712' title='bbox 1684 2157 1697 2171; x_wconf 88' lang='lat' dir='ltr'>e</span> <span class='ocrx_word' id='word_1_713' title='bbox 1707 2148 1813 2172; x_wconf 83' lang='lat' dir='ltr'>castelli</span> <span class='ocrx_word' id='word_1_714' title='bbox 1827 2150 1934 2171; x_wconf 77' lang='lat' dir='ltr'>tuttora</span> <span class='ocrx_word' id='word_1_715' title='bbox 1947 2149 2074 2172; x_wconf 85' lang='lat' dir='ltr'>esistenti</span> <span class='ocrx_word' id='word_1_716' title='bbox 2087 2148 2162 2172; x_wconf 88' lang='lat' dir='ltr'>nella</span> 
     </span>
     <span class='ocr_line' id='line_1_64' title="bbox 1270 2189 2161 2220; baseline -0.001 -7"><span class='ocrx_word' id='word_1_717' title='bbox 1270 2191 1387 2220; x_wconf 81' lang='lat' dir='ltr'>planura</span> <span class='ocrx_word' id='word_1_718' title='bbox 1408 2190 1591 2213; x_wconf 83' lang='lat' dir='ltr'>meridionale</span> <span class='ocrx_word' id='word_1_719' title='bbox 1611 2191 1639 2213; x_wconf 83' lang='lat' dir='ltr'>di</span> <span class='ocrx_word' id='word_1_720' title='bbox 1666 2190 1795 2217; x_wconf 76' lang='lat' dir='ltr'>Modena,</span> <span class='ocrx_word' id='word_1_721' title='bbox 1822 2196 1916 2220; x_wconf 83' lang='lat' dir='ltr'>presso</span> <span class='ocrx_word' id='word_1_722' title='bbox 1942 2189 1969 2212; x_wconf 88' lang='lat' dir='ltr'>la</span> <span class='ocrx_word' id='word_1_723' title='bbox 1995 2189 2087 2213; x_wconf 87' lang='lat' dir='ltr'>strada</span> <span class='ocrx_word' id='word_1_724' title='bbox 2114 2189 2161 2212; x_wconf 86' lang='lat' dir='ltr'>Vi—</span> 
     </span>
     <span class='ocr_line' id='line_1_65' title="bbox 1270 2230 2161 2263; baseline -0.001 -8"><span class='ocrx_word' id='word_1_725' title='bbox 1270 2232 1510 2263; x_wconf 85' lang='lat' dir='ltr'>gnola-Sassuolo.</span> <span class='ocrx_word' id='word_1_726' title='bbox 1550 2232 1589 2255; x_wconf 90' lang='lat' dir='ltr'>La</span> <span class='ocrx_word' id='word_1_727' title='bbox 1609 2231 1685 2256; x_wconf 87' lang='lat' dir='ltr'>Gran</span> <span class='ocrx_word' id='word_1_728' title='bbox 1707 2232 1883 2262; x_wconf 87' lang='lat' dir='ltr'>Compagnia</span> <span class='ocrx_word' id='word_1_729' title='bbox 1904 2232 2005 2255; x_wconf 87' lang='lat' dir='ltr'>veniva</span> <span class='ocrx_word' id='word_1_730' title='bbox 2018 2231 2094 2255; x_wconf 90' lang='lat' dir='ltr'>dalla</span> <span class='ocrx_word' id='word_1_731' title='bbox 2107 2230 2161 2254; x_wconf 89' lang='lat' dir='ltr'>Ro-</span> 
     </span>
     <span class='ocr_line' id='line_1_66' title="bbox 1271 2271 2162 2305; baseline -0.001 -8"><span class='ocrx_word' id='word_1_732' title='bbox 1271 2282 1369 2305; x_wconf 83' lang='lat' dir='ltr'>magna</span> <span class='ocrx_word' id='word_1_733' title='bbox 1390 2282 1403 2297; x_wconf 81' lang='lat' dir='ltr'>e</span> <span class='ocrx_word' id='word_1_734' title='bbox 1423 2282 1470 2305; x_wconf 82' lang='lat' dir='ltr'>per</span> <span class='ocrx_word' id='word_1_735' title='bbox 1484 2276 1564 2304; x_wconf 80' lang='lat' dir='ltr'>patto</span> <span class='ocrx_word' id='word_1_736' title='bbox 1582 2274 1652 2297; x_wconf 81' lang='lat' dir='ltr'>fatto</span> <span class='ocrx_word' id='word_1_737' title='bbox 1668 2281 1718 2297; x_wconf 84' lang='lat' dir='ltr'>con</span> <span class='ocrx_word' id='word_1_738' title='bbox 1735 2273 1848 2297; x_wconf 87' lang='lat' dir='ltr'>Taddeo</span> <span class='ocrx_word' id='word_1_739' title='bbox 1862 2273 1960 2304; x_wconf 89' lang='lat' dir='ltr'>Pepoli</span> <span class='ocrx_word' id='word_1_740' title='bbox 1982 2271 2064 2304; x_wconf 71' lang='lat' dir='ltr'>passo</span> <span class='ocrx_word' id='word_1_741' title='bbox 2079 2279 2162 2296; x_wconf 84' lang='lat' dir='ltr'>senza</span> 
     </span>
     <span class='ocr_line' id='line_1_67' title="bbox 1270 2314 2161 2347; baseline -0.001 -8"><span class='ocrx_word' id='word_1_742' title='bbox 1270 2316 1473 2347; x_wconf 83' lang='lat' dir='ltr'>danneggiarlo</span> <span class='ocrx_word' id='word_1_743' title='bbox 1494 2323 1541 2346; x_wconf 87' lang='lat' dir='ltr'>per</span> <span class='ocrx_word' id='word_1_744' title='bbox 1562 2316 1581 2338; x_wconf 81' lang='lat' dir='ltr'>il</span> <span class='ocrx_word' id='word_1_745' title='bbox 1602 2316 1723 2339; x_wconf 72' lang='lat' dir='ltr'>contario</span> <span class='ocrx_word' id='word_1_746' title='bbox 1744 2316 1895 2346; x_wconf 85' lang='lat' dir='ltr'>bolognese</span> <span class='ocrx_word' id='word_1_747' title='bbox 1915 2315 2044 2340; x_wconf 80' lang='lat' dir='ltr'>tenendo.</span> <span class='ocrx_word' id='word_1_748' title='bbox 2066 2322 2079 2338; x_wconf 89' lang='lat' dir='ltr'>a</span> <span class='ocrx_word' id='word_1_749' title='bbox 2099 2314 2161 2345; x_wconf 88' lang='lat' dir='ltr'>quel</span> 
     </span>
     <span class='ocr_line' id='line_1_68' title="bbox 1272 2357 2163 2390; baseline -0.001 -8"><span class='ocrx_word' id='word_1_750' title='bbox 1272 2359 1319 2383; x_wconf 78' lang='lat' dir='ltr'>che</span> <span class='ocrx_word' id='word_1_751' title='bbox 1340 2367 1413 2390; x_wconf 89' lang='lat' dir='ltr'>pare,</span> <span class='ocrx_word' id='word_1_752' title='bbox 1434 2359 1459 2382; x_wconf 83' lang='lat' dir='ltr'>la</span> <span class='ocrx_word' id='word_1_753' title='bbox 1481 2360 1525 2382; x_wconf 81' lang='lat' dir='ltr'>via</span> <span class='ocrx_word' id='word_1_754' title='bbox 1546 2359 1589 2382; x_wconf 83' lang='lat' dir='ltr'>dei</span> <span class='ocrx_word' id='word_1_755' title='bbox 1611 2359 1685 2390; x_wconf 85' lang='lat' dir='ltr'>piedi</span> <span class='ocrx_word' id='word_1_756' title='bbox 1701 2359 1772 2382; x_wconf 84' lang='lat' dir='ltr'>delle</span> <span class='ocrx_word' id='word_1_757' title='bbox 1787 2358 1906 2384; x_wconf 79' lang='lat' dir='ltr'>colline:</span> <span class='ocrx_word' id='word_1_758' title='bbox 1920 2358 2020 2387; x_wconf 84' lang='lat' dir='ltr'>donde,</span> <span class='ocrx_word' id='word_1_759' title='bbox 2041 2357 2163 2381; x_wconf 82' lang='lat' dir='ltr'>valicato</span> 
     </span>
     <span class='ocr_line' id='line_1_69' title="bbox 1273 2399 2163 2431; baseline -0.002 -7"><span class='ocrx_word' id='word_1_760' title='bbox 1273 2402 1291 2424; x_wconf 92' lang='lat' dir='ltr'>il</span> <span class='ocrx_word' id='word_1_761' title='bbox 1314 2400 1421 2424; x_wconf 78' lang='lat' dir='ltr'>Panaro</span> <span class='ocrx_word' id='word_1_762' title='bbox 1443 2409 1455 2423; x_wconf 78' lang='lat' dir='ltr'>a</span> <span class='ocrx_word' id='word_1_763' title='bbox 1477 2401 1672 2431; x_wconf 66' lang='lat' dir='ltr'>Spitamberm,</span> <span class='ocrx_word' id='word_1_764' title='bbox 1695 2399 1758 2424; x_wconf 61' lang='lat' dir='ltr'>avril</span> <span class='ocrx_word' id='word_1_765' title='bbox 1780 2401 1888 2431; x_wconf 82' lang='lat' dir='ltr'>seguito</span> <span class='ocrx_word' id='word_1_766' title='bbox 1910 2400 1935 2423; x_wconf 87' lang='lat' dir='ltr'>la</span> <span class='ocrx_word' id='word_1_767' title='bbox 1950 2400 2024 2423; x_wconf 83' lang='lat' dir='ltr'>linea</span> <span class='ocrx_word' id='word_1_768' title='bbox 2040 2400 2163 2423; x_wconf 80' lang='lat' dir='ltr'>indicata</span> 
     </span>
     <span class='ocr_line' id='line_1_70' title="bbox 1272 2441 2162 2473; baseline -0.002 -7"><span class='ocrx_word' id='word_1_769' title='bbox 1272 2444 1316 2466; x_wconf 86' lang='lat' dir='ltr'>dai</span> <span class='ocrx_word' id='word_1_770' title='bbox 1339 2443 1455 2473; x_wconf 82' lang='lat' dir='ltr'>villaggi</span> <span class='ocrx_word' id='word_1_771' title='bbox 1476 2451 1490 2466; x_wconf 78' lang='lat' dir='ltr'>c</span> <span class='ocrx_word' id='word_1_772' title='bbox 1510 2443 1617 2466; x_wconf 77' lang='lat' dir='ltr'>castelli</span> <span class='ocrx_word' id='word_1_773' title='bbox 1640 2443 1772 2466; x_wconf 84' lang='lat' dir='ltr'>ricordati</span> <span class='ocrx_word' id='word_1_774' title='bbox 1802 2442 1847 2465; x_wconf 89' lang='lat' dir='ltr'>dal</span> <span class='ocrx_word' id='word_1_775' title='bbox 1868 2443 2000 2465; x_wconf 77' lang='lat' dir='ltr'>cronista.</span> <span class='ocrx_word' id='word_1_776' title='bbox 2037 2441 2162 2465; x_wconf 85' lang='lat' dir='ltr'>Secondo</span> 
     </span>
     <span class='ocr_line' id='line_1_71' title="bbox 1273 2481 2163 2516; baseline -0.001 -9"><span class='ocrx_word' id='word_1_777' title='bbox 1273 2486 1297 2508; x_wconf 89' lang='lat' dir='ltr'>le</span> <span class='ocrx_word' id='word_1_778' title='bbox 1318 2485 1452 2508; x_wconf 63' lang='lat' dir='ltr'>monache</span> <span class='ocrx_word' id='word_1_779' title='bbox 1467 2485 1612 2515; x_wconf 83' lang='lat' dir='ltr'>bolognesi</span> <span class='ocrx_word' id='word_1_780' title='bbox 1628 2486 1741 2516; x_wconf 74' lang='lat' dir='ltr'>(Corpus</span> <span class='ocrx_word' id='word_1_781' title='bbox 1761 2485 1812 2507; x_wconf 78' lang='lat' dir='ltr'>chr.</span> <span class='ocrx_word' id='word_1_782' title='bbox 1827 2484 1893 2512; x_wconf 56' lang='lat' dir='ltr'>lum„</span> <span class='ocrx_word' id='word_1_783' title='bbox 1908 2483 1941 2513; x_wconf 86' lang='lat'>11,</span> <span class='ocrx_word' id='word_1_784' title='bbox 1954 2482 2013 2513; x_wconf 80' lang='lat'>516,</span> <span class='ocrx_word' id='word_1_785' title='bbox 2027 2483 2056 2506; x_wconf 90' lang='lat' dir='ltr'>ll.</span> <span class='ocrx_word' id='word_1_786' title='bbox 2074 2481 2163 2512; x_wconf 82' lang='lat'>16-18)</span> 
     </span>
     <span class='ocr_line' id='line_1_72' title="bbox 1275 2523 2162 2556; baseline -0.003 -6"><span class='ocrx_word' id='word_1_787' title='bbox 1275 2529 1285 2539; x_wconf 74' lang='lat'>‘⁴</span> <span class='ocrx_word' id='word_1_788' title='bbox 1300 2534 1326 2550; x_wconf 83' lang='lat' dir='ltr'>se</span> <span class='ocrx_word' id='word_1_789' title='bbox 1341 2527 1453 2556; x_wconf 67' lang='lat' dir='ltr'>partitio</span> <span class='ocrx_word' id='word_1_790' title='bbox 1474 2527 1516 2550; x_wconf 86' lang='lat' dir='ltr'>del</span> <span class='ocrx_word' id='word_1_791' title='bbox 1533 2527 1654 2549; x_wconf 80' lang='lat' dir='ltr'>eontado</span> <span class='ocrx_word' id='word_1_792' title='bbox 1668 2527 1700 2549; x_wconf 81' lang='lat' dir='ltr'>de</span> <span class='ocrx_word' id='word_1_793' title='bbox 1716 2526 1842 2556; x_wconf 77' lang='lat' dir='ltr'>Bologna</span> <span class='ocrx_word' id='word_1_794' title='bbox 1857 2523 1901 2548; x_wconf 68' lang='lat' dir='ltr'>adl</span> <span class='ocrx_word' id='word_1_795' title='bbox 1918 2526 1996 2548; x_wconf 79' lang='lat' dir='ltr'>xxvii</span> <span class='ocrx_word' id='word_1_796' title='bbox 2013 2525 2045 2548; x_wconf 79' lang='lat' dir='ltr'>de</span> <span class='ocrx_word' id='word_1_797' title='bbox 2059 2531 2162 2556; x_wconf 85' lang='lat' dir='ltr'>genaro</span> 
     </span>
    </p>

    <p class='ocr_par' dir='ltr' id='par_1_20' title="bbox 1282 2566 2160 2593">
     <span class='ocr_line' id='line_1_73' title="bbox 1282 2566 2160 2593; baseline -0.002 -1.958"><span class='ocrx_word' id='word_1_798' title='bbox 1282 2571 1313 2591; x_wconf 79' lang='grc'>(-</span> <span class='ocrx_word' id='word_1_799' title='bbox 1334 2566 1446 2591; x_wconf 78' lang='lat' dir='ltr'>andono</span> <span class='ocrx_word' id='word_1_800' title='bbox 1468 2568 1510 2591; x_wconf 86' lang='lat' dir='ltr'>nel</span> <span class='ocrx_word' id='word_1_801' title='bbox 1532 2569 1654 2591; x_wconf 71' lang='lat' dir='ltr'>‹ontado</span> <span class='ocrx_word' id='word_1_802' title='bbox 1675 2568 1702 2590; x_wconf 89' lang='lat' dir='ltr'>di</span> <span class='ocrx_word' id='word_1_803' title='bbox 1724 2567 1852 2593; x_wconf 86' lang='lat' dir='ltr'>Modena</span> <span class='ocrx_word' id='word_1_804' title='bbox 1879 2575 1892 2589; x_wconf 76' lang='lat' dir='ltr'>c</span> <span class='ocrx_word' id='word_1_805' title='bbox 1914 2567 1957 2589; x_wconf 83' lang='lat' dir='ltr'>ive</span> <span class='ocrx_word' id='word_1_806' title='bbox 1977 2568 2086 2589; x_wconf 84' lang='lat' dir='ltr'>steteno</span> <span class='ocrx_word' id='word_1_807' title='bbox 2110 2566 2160 2589; x_wconf 85' lang='lat' dir='ltr'>viii</span> 
     </span>
    </p>

    <p class='ocr_par' dir='ltr' id='par_1_21' title="bbox 1276 2652 1444 2677">
     <span class='ocr_line' id='line_1_74' title="bbox 1276 2652 1444 2677; baseline 0.006 -3"><span class='ocrx_word' id='word_1_808' title='bbox 1276 2652 1444 2677; x_wconf 68' lang='lat' dir='ltr'>*⁴‹l1ia„m‹</span> 
     </span>
    </p>

    <p class='ocr_par' dir='ltr' id='par_1_22' title="bbox 1272 2691 2162 2849">
     <span class='ocr_line' id='line_1_75' title="bbox 1362 2691 2161 2724; baseline -0.004 -7"><span class='ocrx_word' id='word_1_809' title='bbox 1362 2692 1371 2705; x_wconf 73' lang='lat'><strong>⁶</strong></span> <span class='ocrx_word' id='word_1_810' title='bbox 1391 2694 1504 2717; x_wconf 83' lang='lat' dir='ltr'>Passata</span> <span class='ocrx_word' id='word_1_811' title='bbox 1525 2693 1569 2716; x_wconf 86' lang='lat' dir='ltr'>nel</span> <span class='ocrx_word' id='word_1_812' title='bbox 1590 2693 1744 2724; x_wconf 79' lang='lat' dir='ltr'>Reggiano,</span> <span class='ocrx_word' id='word_1_813' title='bbox 1766 2692 1790 2715; x_wconf 81' lang='lat' dir='ltr'>la</span> <span class='ocrx_word' id='word_1_814' title='bbox 1818 2692 1992 2722; x_wconf 78' lang='lat' dir='ltr'>Compagnia</span> <span class='ocrx_word' id='word_1_815' title='bbox 2019 2691 2123 2715; x_wconf 81' lang='lat' dir='ltr'>discese</span> <span class='ocrx_word' id='word_1_816' title='bbox 2147 2698 2161 2714; x_wconf 87' lang='lat' dir='ltr'>a</span> 
     </span>
     <span class='ocr_line' id='line_1_76' title="bbox 1274 2732 2162 2766; baseline -0.002 -8"><span class='ocrx_word' id='word_1_817' title='bbox 1274 2736 1458 2758; x_wconf 78' lang='lat' dir='ltr'>settcntrione</span> <span class='ocrx_word' id='word_1_818' title='bbox 1474 2736 1517 2758; x_wconf 89' lang='lat' dir='ltr'>nei</span> <span class='ocrx_word' id='word_1_819' title='bbox 1533 2735 1610 2766; x_wconf 87' lang='lat' dir='ltr'>paesi</span> <span class='ocrx_word' id='word_1_820' title='bbox 1624 2735 1649 2758; x_wconf 88' lang='lat' dir='ltr'>al</span> <span class='ocrx_word' id='word_1_821' title='bbox 1665 2735 1691 2757; x_wconf 84' lang='lat' dir='ltr'>di</span> <span class='ocrx_word' id='word_1_822' title='bbox 1709 2735 1783 2757; x_wconf 84' lang='lat' dir='ltr'>sotto</span> <span class='ocrx_word' id='word_1_823' title='bbox 1798 2733 1871 2757; x_wconf 88' lang='lat' dir='ltr'>della</span> <span class='ocrx_word' id='word_1_824' title='bbox 1887 2734 1931 2756; x_wconf 87' lang='lat' dir='ltr'>via</span> <span class='ocrx_word' id='word_1_825' title='bbox 1942 2732 2059 2759; x_wconf 77' lang='lat' dir='ltr'>Emilia:</span> <span class='ocrx_word' id='word_1_826' title='bbox 2071 2733 2162 2756; x_wconf 84' lang='lat' dir='ltr'>donde</span> 
     </span>
     <span class='ocr_line' id='line_1_77' title="bbox 1274 2774 2162 2800; baseline -0.003 0"><span class='ocrx_word' id='word_1_827' title='bbox 1274 2776 1382 2800; x_wconf 74' lang='lat' dir='ltr'>ritorno</span> <span class='ocrx_word' id='word_1_828' title='bbox 1398 2784 1477 2800; x_wconf 88' lang='lat' dir='ltr'>verso</span> <span class='ocrx_word' id='word_1_829' title='bbox 1493 2777 1512 2799; x_wconf 95' lang='lat' dir='ltr'>il</span> <span class='ocrx_word' id='word_1_830' title='bbox 1528 2776 1675 2799; x_wconf 79' lang='lat' dir='ltr'>Modenese</span> <span class='ocrx_word' id='word_1_831' title='bbox 1689 2783 1704 2799; x_wconf 86' lang='lat' dir='ltr'>a</span> <span class='ocrx_word' id='word_1_832' title='bbox 1718 2776 1849 2799; x_wconf 87' lang='lat' dir='ltr'>derubare</span> <span class='ocrx_word' id='word_1_833' title='bbox 1864 2775 1888 2797; x_wconf 87' lang='lat' dir='ltr'>le</span> <span class='ocrx_word' id='word_1_834' title='bbox 1904 2776 1974 2798; x_wconf 88' lang='lat' dir='ltr'>terre</span> <span class='ocrx_word' id='word_1_835' title='bbox 1989 2776 2031 2797; x_wconf 87' lang='lat' dir='ltr'>tra</span> <span class='ocrx_word' id='word_1_836' title='bbox 2044 2774 2162 2797; x_wconf 81' lang='lat' dir='ltr'>Modena</span> 
     </span>
     <span class='ocr_line' id='line_1_78' title="bbox 1272 2818 1824 2849; baseline -0.002 -8"><span class='ocrx_word' id='word_1_837' title='bbox 1272 2826 1285 2841; x_wconf 92' lang='lat' dir='ltr'>e</span> <span class='ocrx_word' id='word_1_838' title='bbox 1307 2820 1401 2849; x_wconf 62' lang='lat' dir='ltr'>Carpi,</span> <span class='ocrx_word' id='word_1_839' title='bbox 1421 2819 1469 2842; x_wconf 76' lang='lat' dir='ltr'>che</span> <span class='ocrx_word' id='word_1_840' title='bbox 1491 2825 1560 2841; x_wconf 84' lang='lat' dir='ltr'>sono</span> <span class='ocrx_word' id='word_1_841' title='bbox 1586 2818 1632 2848; x_wconf 80' lang='lat' dir='ltr'>qui</span> <span class='ocrx_word' id='word_1_842' title='bbox 1660 2818 1824 2841; x_wconf 88' lang='lat' dir='ltr'>enumerate.</span> 
     </span>
    </p>

    <p class='ocr_par' dir='ltr' id='par_1_23' title="bbox 1271 2857 2163 2974">
     <span class='ocr_line' id='line_1_79' title="bbox 1358 2857 2163 2889; baseline -0.004 -5"><span class='ocrx_word' id='word_1_843' title='bbox 1358 2858 1369 2874; x_wconf 63' lang='grc' dir='ltr'><strong><em>ὃ</em></strong></span> <span class='ocrx_word' id='word_1_844' title='bbox 1382 2860 1406 2884; x_wconf 93' lang='lat' dir='ltr'>Il</span> <span class='ocrx_word' id='word_1_845' title='bbox 1418 2860 1537 2884; x_wconf 89' lang='lat' dir='ltr'>Morano</span> <span class='ocrx_word' id='word_1_846' title='bbox 1549 2861 1645 2883; x_wconf 62' lang='lat' dir='ltr'>invect·</span> <span class='ocrx_word' id='word_1_847' title='bbox 1656 2859 1683 2883; x_wconf 77' lang='lat' dir='ltr'>di</span> <span class='ocrx_word' id='word_1_848' title='bbox 1698 2859 1817 2883; x_wconf 81' lang='lat' dir='ltr'>Sorbara</span> <span class='ocrx_word' id='word_1_849' title='bbox 1831 2866 1903 2889; x_wconf 89' lang='lat' dir='ltr'>pone</span> <span class='ocrx_word' id='word_1_850' title='bbox 1914 2857 2011 2881; x_wconf 79' lang='lat' dir='ltr'>Solara</span> <span class='ocrx_word' id='word_1_851' title='bbox 2021 2867 2026 2883; x_wconf 89' lang='lat'>:</span> <span class='ocrx_word' id='word_1_852' title='bbox 2038 2866 2051 2881; x_wconf 89' lang='lat' dir='ltr'>e</span> <span class='ocrx_word' id='word_1_853' title='bbox 2065 2859 2090 2881; x_wconf 89' lang='lat' dir='ltr'>ai</span> <span class='ocrx_word' id='word_1_854' title='bbox 2102 2857 2163 2881; x_wconf 91' lang='lat' dir='ltr'>luo·</span> 
     </span>
     <span class='ocr_line' id='line_1_80' title="bbox 1271 2898 2162 2932; baseline -0.003 -7"><span class='ocrx_word' id='word_1_855' title='bbox 1271 2902 1317 2932; x_wconf 84' lang='lat' dir='ltr'>ghi</span> <span class='ocrx_word' id='word_1_856' title='bbox 1333 2902 1470 2925; x_wconf 86' lang='lat' dir='ltr'>devastati</span> <span class='ocrx_word' id='word_1_857' title='bbox 1493 2902 1631 2932; x_wconf 84' lang='lat' dir='ltr'>aggiunge</span> <span class='ocrx_word' id='word_1_858' title='bbox 1651 2900 1749 2924; x_wconf 82' lang='lat' dir='ltr'>Limiti</span> <span class='ocrx_word' id='word_1_859' title='bbox 1771 2908 1784 2923; x_wconf 89' lang='lat' dir='ltr'>e</span> <span class='ocrx_word' id='word_1_860' title='bbox 1804 2899 1980 2929; x_wconf 82' lang='lat' dir='ltr'>Panzanello,</span> <span class='ocrx_word' id='word_1_861' title='bbox 1994 2900 2045 2923; x_wconf 84' lang='lat' dir='ltr'>due</span> <span class='ocrx_word' id='word_1_862' title='bbox 2065 2898 2162 2930; x_wconf 83' lang='lat' dir='ltr'>luoghi</span> 
     </span>
     <span class='ocr_line' id='line_1_81' title="bbox 1271 2939 2157 2974; baseline -0.002 -8"><span class='ocrx_word' id='word_1_863' title='bbox 1271 2943 1314 2966; x_wconf 81' lang='lat' dir='ltr'>del</span> <span class='ocrx_word' id='word_1_864' title='bbox 1330 2944 1474 2967; x_wconf 86' lang='lat' dir='ltr'>territorio</span> <span class='ocrx_word' id='word_1_865' title='bbox 1493 2949 1623 2974; x_wconf 87' lang='lat' dir='ltr'>carpense</span> <span class='ocrx_word' id='word_1_866' title='bbox 1643 2941 1764 2972; x_wconf 51' lang='lat' dir='ltr'>(Time,</span> <span class='ocrx_word' id='word_1_867' title='bbox 1785 2942 1856 2969; x_wconf 59' lang='lat' dir='ltr'>Dia,</span> <span class='ocrx_word' id='word_1_868' title='bbox 1877 2941 1896 2967; x_wconf 86' lang='grc' dir='ltr'>Ι,</span> <span class='ocrx_word' id='word_1_869' title='bbox 1917 2947 1966 2972; x_wconf 85' lang='lat'>403</span> <span class='ocrx_word' id='word_1_870' title='bbox 1986 2948 1999 2964; x_wconf 88' lang='lat' dir='ltr'>e</span> <span class='ocrx_word' id='word_1_871' title='bbox 2013 2939 2046 2970; x_wconf 83' lang='lat'>11,</span> <span class='ocrx_word' id='word_1_872' title='bbox 2062 2939 2127 2971; x_wconf 84' lang='lat'>180).</span> <span class='ocrx_word' id='word_1_873' title='bbox 2154 2944 2157 2945; x_wconf 72' lang='grc'>’</span> 
     </span>
    </p>
   </div>
   <div class='ocr_carea' id='block_1_14' title="bbox 2184 799 2221 830">
    <p class='ocr_par' dir='ltr' id='par_1_24' title="bbox 2184 799 2221 830">
     <span class='ocr_line' id='line_1_82' title="bbox 2184 799 2221 830; baseline 0.027 -1"><span class='ocrx_word' id='word_1_874' title='bbox 2184 799 2221 830; x_wconf 85' lang='grc'>10</span> 
     </span>
    </p>
   </div>
   <div class='ocr_carea' id='block_1_15' title="bbox 2186 1063 2222 1093">
    <p class='ocr_par' dir='ltr' id='par_1_25' title="bbox 2186 1063 2222 1093">
     <span class='ocr_line' id='line_1_83' title="bbox 2186 1063 2222 1093; baseline 0 0"><span class='ocrx_word' id='word_1_875' title='bbox 2186 1063 2222 1093; x_wconf 89' lang='grc'>15</span> 
     </span>
    </p>
   </div>
   <div class='ocr_carea' id='block_1_16' title="bbox 2183 1326 2224 1357">
    <p class='ocr_par' dir='ltr' id='par_1_26' title="bbox 2183 1326 2224 1357">
     <span class='ocr_line' id='line_1_84' title="bbox 2183 1326 2224 1357; baseline 0.024 -1"><span class='ocrx_word' id='word_1_876' title='bbox 2183 1326 2224 1357; x_wconf 86' lang='grc'>20</span> 
     </span>
    </p>
   </div>
   <div class='ocr_carea' id='block_1_17' title="bbox 2192 2192 2221 2218">
    <p class='ocr_par' dir='ltr' id='par_1_27' title="bbox 2192 2192 2221 2218">
     <span class='ocr_line' id='line_1_85' title="bbox 2192 2192 2221 2218; baseline 0 0"><span class='ocrx_word' id='word_1_877' title='bbox 2192 2192 2221 2218; x_wconf 82' lang='grc'>35</span> 
     </span>
    </p>
   </div>
   <div class='ocr_carea' id='block_1_18' title="bbox 2193 2405 2225 2428">
    <p class='ocr_par' dir='ltr' id='par_1_28' title="bbox 2193 2405 2225 2428">
     <span class='ocr_line' id='line_1_86' title="bbox 2193 2405 2225 2428; baseline 0.031 -8"><span class='ocrx_word' id='word_1_878' title='bbox 2193 2405 2225 2428; x_wconf 73' lang='lat'>40</span> 
     </span>
    </p>
   </div>
   <div class='ocr_carea' id='block_1_19' title="bbox 2191 2615 2222 2639">
    <p class='ocr_par' dir='ltr' id='par_1_29' title="bbox 2191 2615 2222 2639">
     <span class='ocr_line' id='line_1_87' title="bbox 2191 2615 2222 2639; baseline 0 0"><span class='ocrx_word' id='word_1_879' title='bbox 2191 2615 2222 2639; x_wconf 81' lang='lat'>45</span> 
     </span>
    </p>
   </div>
   <div class='ocr_carea' id='block_1_20' title="bbox 2191 2823 2225 2848">
    <p class='ocr_par' dir='ltr' id='par_1_30' title="bbox 2191 2823 2225 2848">
     <span class='ocr_line' id='line_1_88' title="bbox 2191 2823 2225 2848; baseline 0 -7"><span class='ocrx_word' id='word_1_880' title='bbox 2191 2823 2225 2848; x_wconf 63' lang='grc' dir='ltr'>ιςο</span> 
     </span>
    </p>
   </div>
  </div>
 </body>
</html>
