2318 3603
173 1251 261 1272 1212&

303 1736 315 1759 5

289 1984 321 2002 10

290 2189 319 2214 15

290 2398 324 2416 20

296 3019 327 3046 35

929 266 1241 305 CHRONICON
1270 263 1578 302 MUTINENSE
1867 267 1952 300 [ΑΑ.
1972 267 2170 300 1339-1333]

342 402 413 445 xiiij
432 399 629 433 civitatibus
653 399 792 430 fuerunt
815 398 851 428 in
869 396 1050 429 obsidione
1068 394 1169 427 castri
1196 393 1313 426 Sancti
1338 393 1469 439 ‚Cesarii
1494 398 1528 424 et
1552 391 1683 424 dictum
1707 395 1853 421 castrum
1877 388 1911 420 vi
1936 395 2115 430 ceperunt3
2142 396 2174 422 et

341 460 522 496 antequam
547 452 762 488 recederent,
786 450 1009 486 Muffineuses,
1026 449 1226 480 Parmenses
1242 452 1276 478 et
1292 447 1537 479 Cremonenses
1562 445 1651 487 ipsos
1675 442 1911 475 Bononienses
1927 452 2004 473 cum
2022 442 2173 474 exercitu

341 516 401 538 suo
425 505 553 548 agressi
578 504 716 535 fuerunt
740 510 773 535 et
795 502 920 534 bellum
945 501 1096 532 validum
1121 500 1170 532 ibi
1194 500 1276 531 fuit:
1301 499 1440 530 tandem
1466 498 1550 530 dicti
1574 496 1811 529 Bononienses
1835 504 1911 526 cum
1937 494 2090 526 exercitu
2114 505 2174 526 suo

338 564 411 590 toto
435 557 604 589 debellato
621 556 765 597 turpiter
789 561 822 586 et
845 555 877 585 vi
902 554 1011 596 fugati
1036 553 1174 584 fuerunt
1199 558 1232 583 et
1256 556 1477 588 recesserunt,
1495 550 1606 592 captis
1629 560 1670 580 ex
1693 548 1740 580 eis
1763 548 1852 579 ultra
1874 547 2023 585 modum,
2048 547 2176 579 relictis

340 609 581 652 pavilionibuS,
605 608 716 639 tendis
741 614 773 639 et
797 606 1007 643 stramachis,
1032 605 1196 642 curribus,
1226 605 1333 636 bobus
1356 609 1390 635 et
1414 603 1570 635 omnibus
1592 602 1703 634 rebus.
1750 600 1931 632 Praeterea
1955 600 2000 632 ad
2023 600 2176 632 favorem

342 662 472 695 domini
503 661 617 703 Papae
641 667 761 703 treuga
784 659 848 690 fuit
872 658 1061 699 composita
1085 668 1146 699 per
1170 657 1346 689 dominum
1378 656 1588 698 Episcopum
1613 655 1826 697 Reginorum
1850 653 1939 685 inter
1962 652 2177 684 Mutinenses

342 721 374 747 et
398 714 634 746 Bononienses
658 714 819 744 duratura
835 722 898 752 per
921 711 979 754 viij
1005 719 1122 748 annm,
1139 716 1172 741 et
1195 710 1305 741 iurata
1322 709 1387 740 fuit
1404 708 1446 740 ab
1463 714 1605 750 utraque
1621 713 1717 749 parte
1735 712 1768 738 et
1786 711 1887 747 capta
1902 705 2023 737 relicta
2039 705 2177 736 fuerunt

341 768 397 800 die
422 767 530 798 sabati
554 764 665 808 xxiffi]⁰
691 763 884 796 decembris
898 764 917 794 ¹.

428 820 593 851 Dominus
616 817 830 850 Cavalcabos
854 815 1012 848 Marchio
1029 814 1262 847 cremonensis
1278 814 1432 846 Potestas
1448 813 1604 845 Mutinae
1621 813 1658 844 in
1674 812 1837 844 M.ccxxx
1850 811 1871 844 ¹.
1903 811 2006 844 Dicto
2024 817 2177 853 tempore

340 872 472 904 milicia
494 870 743 903 Mutinensium
769 870 835 901 fuit
859 869 895 899 in
920 868 1066 900 servicio
1090 867 1356 899 Mantuanorum
1382 872 1503 898 contra
1527 866 1744 898 Veronenses
1757 864 1780 897 ³.

426 925 591 956 Dominus
609 923 750 955 Gabriel
768 923 812 954 de
829 920 1021 953 Comitibus
1039 919 1270 951 cremonensis
1286 919 1444 951 Potestas
1458 918 1615 950 Mutinae
1633 918 1692 959 [in]
1709 917 1927 961 M.ccxxx[j];
1946 918 2004 959 qui
2021 917 2179 949 dominus

341 978 478 1011 Gabriel
495 982 646 1009 mortuus
670 976 735 1007 fuit
761 975 797 1006 in
814 975 902 1006 festo
927 978 1064 1005 sanctae
1088 972 1221 1004 Mariae
1244 971 1494 1014 Magdalenae⁴
1519 977 1553 1003 et
1578 971 1621 1003 de
1645 970 1926 1003 interfectoribus
1951 970 2062 1012 captis
2084 970 2180 1001 facta

342 1030 409 1062 fuit
433 1029 590 1061 vindicta
607 1034 640 1060 et
663 1028 720 1060 alii
738 1028 877 1059 fuerunt
894 1026 1027 1058 banniti
1050 1031 1083 1056 et
1107 1025 1198 1056 bona
1221 1034 1337 1055 eorum
1362 1024 1538 1055 devastata
1563 1023 1713 1055 fuerunt.
1749 1023 1851 1054 Dicto
1876 1033 1965 1054 anno
1989 1022 2075 1054 obiit
2099 1022 2180 1053 bea-

342 1088 395 1114 tus
418 1082 588 1114 Antonius
613 1082 656 1113 de
680 1081 798 1112 Padua
829 1079 959 1111 ordinis
983 1079 1128 1109 fratrum
1158 1077 1327 1108 minorum
1358 1077 1413 1107 die
1444 1074 1520 1119 xiij⁰
1544 1075 1642 1107 iunii.
1681 1076 1811 1107 Domus
1834 1075 1998 1107 Comunis
2029 1086 2049 1106 a
2073 1074 2178 1106 latere

341 1135 499 1167 meridiei
523 1135 655 1176 plateae
685 1133 863 1165 ordinatae
892 1137 926 1163 et
954 1131 1114 1172 inceptae
1139 1130 1279 1161 fuerunt
1303 1129 1479 1161 aedificari
1504 1129 1539 1160 in
1572 1128 1808 1165 fundamento,
1833 1138 1922 1159 anno
1947 1138 2014 1170 quo
2040 1126 2179 1159 Gabriel

343 1188 500 1221 Potestas
523 1192 675 1219 mortuus
698 1187 763 1218 fuit
777 1185 797 1217 ⁵.

433 1241 600 1272 Dominus
617 1239 791 1272 Gerardus
815 1239 858 1270 de
882 1237 1017 1269 Albinis
1041 1237 1084 1269 de
1110 1235 1232 1268 Parma
1249 1234 1403 1267 Potestas
1418 1235 1575 1267 Mutinae
1600 1234 1660 1275 [in]
1676 1234 1860 1278 M.ccxxxij
1876 1233 1897 1265 ⁶.
1943 1234 2010 1265 Hic
2027 1233 2182 1265 Potestas

341 1294 528 1335 complevit
544 1300 678 1334 tempus
690 1298 724 1324 et
736 1292 917 1323 terminum
934 1289 1214 1332 praedecessoris
1230 1289 1280 1320 sui
1297 1288 1471 1320 interfecti
1485 1294 1518 1319 et
1530 1288 1619 1319 ultra
1631 1299 1694 1329 per
1706 1288 1728 1331 J'·
1744 1297 1868 1319 annum
1886 1293 1920 1319 et
1937 1286 2182 1319 condemnavit

341 1346 511 1379 occisores
524 1346 606 1378 dicti
625 1345 755 1377 domini
771 1344 944 1376 Gabrielis
961 1349 994 1375 et
1012 1342 1318 1374 condemnationes
1331 1341 1365 1372 in
1382 1351 1507 1384 magna
1519 1347 1615 1382 parte
1628 1340 1857 1382 recuperavit.
1882 1340 2014 1371 Eodem
2027 1346 2180 1381 tempore

341 1399 497 1431 dominus
514 1399 704 1440 Imperator
722 1398 926 1430 Fredericus
942 1396 1038 1427 venit
1054 1396 1234 1427 Ravenam
1252 1400 1285 1426 et
1302 1394 1476 1426 venecias
1493 1400 1527 1425 et
1543 1392 1737 1435 Aquileiam
1757 1399 1789 1424 et
1806 1392 1866 1424 ivit
1884 1393 1919 1423 in
1936 1391 2150 1423 Alemaniam
2158 1390 2179 1422 ⁷.

342 1452 443 1483 Dicto
457 1458 611 1493 tempore
627 1456 867 1492 recuperatum
885 1449 950 1480 fuit
967 1448 1115 1480 studium
1133 1447 1315 1479 scolarium
1333 1447 1367 1477 in
1384 1446 1519 1478 Mutina
1532 1455 1594 1487 per
1608 1446 1738 1478 dictum
1757 1445 1931 1477 dominum
1944 1442 2180 1476 Potestatem⁸.

434 1570 456 1587 1.
475 1564 595 1587 castrum
615 1562 780 1594 inceperunt
799 1561 841 1590 A,
865 1562 908 1585 Cr.
930 1573 961 1577 —
980 1569 1005 1592 4.
1025 1562 1105 1591 turpe
1123 1560 1151 1583 et
1169 1559 1197 1582 ui
1218 1558 1243 1590 (o
1262 1558 1317 1589 iu?)
1337 1557 1428 1590 fugati
1455 1557 1504 1586 A.;
1525 1558 1607 1589 turpe
1627 1558 1654 1581 et
1675 1556 1794 1590 iniugati
1820 1557 1884 1581 Cr.·
1897 1556 1971 1580 ultro
1990 1556 2113 1580 medium
2135 1555 2180 1580 Cr.

346 1619 376 1622 —
397 1611 420 1636 5.
440 1605 541 1637 pauigl.
561 1604 614 1627 A.-
627 1603 777 1627 tramachis
800 1604 864 1627 Cr.·
878 1602 966 1626 bobus
987 1602 1027 1630 A„
1050 1603 1103 1630 Cr„
1129 1610 1172 1625 ma
1192 1601 1206 1624 ὲ
1223 1601 1324 1631 parola
1343 1599 1374 1623 dt
1391 1601 1490 1624 lettara
1515 1600 1640 1630 alquanto
1659 1600 1770 1627 incerta,
1794 1599 1838 1623 che
1858 1598 1982 1630 potrebbe
2008 1598 2088 1622 anche
2114 1604 2182 1620 esser

343 1646 445 1675 helicis,
465 1654 478 1670 o
498 1647 571 1669 altra
589 1646 673 1669 simile
691 1659 721 1662 —
736 1645 759 1669 8.
781 1644 869 1668 sabati
891 1650 919 1667 31
943 1644 985 1669 A„
1003 1644 1046 1667 Cr.
1061 1657 1093 1660 —
1111 1649 1150 1666 10.
1170 1642 1228 1666 fuit
1247 1646 1345 1673 oppure
1365 1641 1418 1674 juit
1438 1641 1492 1664 Α.-
1507 1641 1624 1665 seruitio
1645 1640 1687 1669 A„
1704 1641 1748 1664 Cr.
1763 1654 1794 1657 —
1813 1647 1852 1664 11.
1875 1646 1942 1671 1²30
1961 1639 2003 1668 A,
2016 1648 2058 1663 ma
2077 1640 2104 1662 la
2118 1639 2181 1662 dara

336 1688 373 1721 su
388 1687 440 1720 gir}
458 1690 573 1712 corretta
586 1687 635 1710 dal
645 1687 732 1715 Mure,
752 1686 795 1710 clze
814 1686 890 1709 omiss
908 1686 931 1709 il
948 1688 1032 1709 tratto
1052 1685 1100 1716 qui
1120 1685 1267 1708 dominus.
1335 1683 1453 1707 fratrum
1474 1684 1622 1711 minorum,
1643 1682 1778 1711 riferendo
1798 1683 1824 1705 in
1843 1683 1886 1706 tal
1901 1682 1974 1706 modo
1986 1682 2014 1704 la
2033 1681 2097 1705 data
2112 1680 2181 1704 della

345 1732 425 1752 morte
444 1729 473 1752 di
490 1728 673 1752 sant'Antom‘o
692 1729 722 1750 al
738 1727 945 1751 comincianmnto
966 1727 1032 1749 delle
1052 1733 1132 1750 nuove
1152 1725 1309 1749 costrazioni
1326 1725 1370 1748 del
1382 1725 1495 1754 palazzo
1515 1724 1662 1752 comunale;
1687 1724 1712 1747 lo
1737 1727 1816 1747 stesso
1836 1731 1926 1748 errore
1945 1724 1970 1747 si
1985 1723 2018 1746 lm
2037 1723 2064 1746 in
2086 1723 2129 1747 Cr.
2151 1734 2182 1738 --

347 1778 386 1802 14.
406 1771 451 1794 die
471 1777 503 1801 14
523 1770 593 1794 iunii
613 1769 656 1798 A.‚
678 1769 763 1797 Mus..
786 1770 830 1792 Cr.
846 1782 877 1785 —-
901 1774 941 1798 15.
962 1768 1153 1792 fundamento.
1173 1766 1229 1795 Qui
1250 1766 1370 1795 Gabriel.
1391 1766 1486 1795 MUR.;
1506 1765 1688 1789 fundamento
1708 1766 1782 1789 uiuo.
1803 1765 1863 1797 Ipse
1879 1764 2000 1794 Gabriel,
2023 1765 2084 1793 Cn:
2105 1764 2181 1788 dalla

343 1813 469 1836 scrittura
488 1820 522 1835 un
536 1811 580 1841 po’
599 1811 702 1835 incerta
722 1810 751 1834 di
768 1810 801 1833 A.
821 1810 858 1833 mi
876 1807 889 1832 ι’·
903 1814 986 1840 parso
1007 1809 1035 1832 di
1054 1809 1173 1833 ritrarre
1192 1816 1238 1832 con
1256 1807 1395 1840 safficiente
1413 1808 1548 1831 sicurezza
1568 1807 1595 1829 la
1614 1807 1712 1830 lezione
1725 1806 1856 1831 adottata.
1871 1820 1903 1823 —
1919 1813 1959 1830 20.
1972 1807 2134 1831 Ravennam
2155 1807 2184 1829 et

344 1853 501 1877 Bononiam
522 1854 550 1877 et
569 1853 728 1884 AquileIam
743 1853 820 1876 Mna.

348 1938 382 1962 da
401 1939 470 1962 altre
488 1938 572 1968 fonti,
591 1938 788 1971 specialmente
807 1937 883 1962 circa
902 1936 1030 1962 l’assedio
1050 1936 1102 1960 ela
1116 1943 1196 1969 presa
1210 1936 1238 1959 di

347 1980 401 2005 San
424 1979 538 2004 Cesario
559 1979 585 2011 (4
606 1980 679 2009 sett.)
698 1988 712 2004 e
731 1980 757 2004 la
771 1979 923 2011 posteriore
936 1978 1072 2010 bastaglia
1093 1978 1172 2001 vinta
1192 1977 1238 2000 dai

347 2022 489 2045 Modenesi
505 2021 529 2052 (5
544 2021 617 2051 set-t.)
627 2030 635 2052 3
645 2021 680 2045 cf.
692 2022 835 2052 Elevapot.
848 2028 904 2052 reg.
921 2021 950 2044 in
962 2021 1026 2044 RH.
1042 2021 1080 2044 ΙΙ.
1093 2020 1152 2048 SS„
1165 2019 1239 2047 VIII,

351 2063 499 2093 1106-1107
518 2071 532 2087 e
546 2064 604 2087 Lib.
626 2065 658 2087 de
676 2067 785 2093 tempor.
809 2064 838 2087 in
859 2064 898 2087 M.
924 2063 965 2091 G„
989 2061 1087 2091 XXXI,
1103 2063 1161 2092 508,
1178 2061 1238 2085 Cltr.

341 2109 441 2136 parm„
457 2105 506 2135 ivi,
521 2106 567 2135 IX,
581 2105 640 2136 675,
654 2105 720 2130 ediz.
735 2106 863 2134 Bonazzi,
879 2113 903 2137 p.
922 2111 961 2134 10,
980 2111 1070 2136 13-143
1086 2103 1239 2131 Gmrroxr,

350 2148 401 2175 lvi,
417 2147 517 2176 XVIII,
534 2154 591 2176 110,
605 2147 671 2171 ediz.
686 2147 811 2175 Sorbelli,
827 2155 852 2179 p.
867 2154 891 2177 9,
905 2146 921 2169 1.
938 2150 1034 2177 25-273
1050 2146 1130 2176 Corp.
1145 2145 1240 2169 Chron.

346 2189 448 2215 bonon„
467 2188 500 2217 II,
521 2194 569 2220 973
588 2188 656 2212 Anu.
672 2189 789 2218 placent.
809 2188 839 2211 in
858 2189 899 2212 M.
924 2188 966 2216 G„
988 2187 1088 2217 XVIII,
1108 2186 1240 2218 446-4493

348 2230 524 2259 Srmmsmm,
546 2238 590 2262 pp.
611 2231 668 2261 8-9:
689 2230 851 2260 Tonosemo,
871 2237 931 2262 cap.
948 2236 1012 2261 191:
1030 2228 1240 2255 Aramcosshr.

348 2271 378 2294 in
398 2272 438 2294 M.
462 2271 505 2301 G„
524 2271 623 2300 XXIII,
643 2271 775 2303 925-926:
800 2271 991 2300 CANTmsLLx,
1017 2271 1083 2295 ediz.
1108 2271 1240 2297 Tou-aea,

350 2320 395 2345 pp.
409 2319 465 2338 1-2:
481 2320 494 2336 e
505 2314 531 2336 la
542 2313 639 2337 lettera
654 2313 682 2336 in
695 2313 784 2336 me
791 2319 918 2342 ELMANN,
934 2312 1001 2336 Acta
1016 2313 1129 2342 imperii,
1144 2319 1170 2335 n.
1182 2310 1240 2339 617.

437 2352 444 2368 ¹
466 2355 602 2387 Gregorio
624 2356 661 2379 {x
679 2363 732 2379 con
753 2355 814 2379 suoi
834 2355 909 2379 brevi
931 2355 946 2379 8
965 2355 1110 2378 settembre
1125 2362 1139 2377 e
1155 2359 1184 2383 13
1199 2354 1242 2376 ot-

351 2396 428 2420 tobre
449 2397 531 2425 (HR,
552 2404 597 2420 nn.
617 2397 741 2422 181-182:
762 2397 833 2424 RA.,
854 2405 900 2420 nn.
922 2396 1053 2427 277-2782
1080 2395 1241 2424 Porrmxsr,

352 2439 513 2468 Regnponl„
526 2446 572 2461 nn.
587 2439 663 2468 8453.
678 2437 757 2469 8505)
771 2438 905 2462 commiss
918 2438 943 2461 al
958 2444 1078 2461 vescovo
1094 2437 1122 2461 di
1136 2435 1242 2468 Reggio

352 2478 468 2502 Niccolo
490 2479 663 2502 Mam-aversi
685 2479 713 2503 di
734 2487 884 2511 procurare
905 2487 941 2502 un
964 2478 1084 2502 accordo
1111 2477 1154 2501 fra
1182 2477 1243 2500 Μο-

352 2521 422 2544 dena
441 2527 455 2543 e
474 2520 614 2551 Bologna:
629 2529 642 2544 e
655 2521 753 2551 questi,
773 2521 854 2545 eletto
875 2520 982 2544 arbitro
1003 2521 1046 2544 tra
1060 2520 1084 2543 le
1099 2519 1151 2543 due
1164 2516 1243 2547 citta,

354 2560 508 2592 pronunzio
519 2561 543 2583 α’
556 2567 587 2584 22
602 2561 747 2591 dicembre,
760 2562 857 2585 avanti
873 2562 897 2585 Ia
907 2561 1001 2584 chiesa
1012 2560 1040 2584 di
1062 2559 1244 2591 sant’Egidio

294 2608 306 2625 2
353 2602 423 2625 della
442 2603 537 2625 Muzza
557 2602 610 2632 (fra
631 2604 685 2625 San
706 2602 820 2626 Cesario
841 2611 854 2626 e
874 2603 899 2626 Ia
919 2602 966 2626 via
986 2602 1095 2631 Emilia,
1116 2601 1153 2625 cf.
1169 2602 1245 2629 T1R.,

354 2644 426 2671 Dia,
445 2643 478 2668 II.
502 2650 632 2668 111-112J.
654 2644 673 2667 il
694 2645 808 2676 proprio
829 2645 919 2673 laudo,
940 2644 983 2668 col
1003 2644 1081 2675 quale
1101 2643 1244 2668 sentenzib

353 2685 404 2708 che
422 2692 438 2708 a
458 2685 501 2707 far
521 2686 613 2716 tempo
634 2685 677 2708 dal
697 2686 787 2717 primo
807 2686 908 2717 giorno
929 2685 971 2709 del
994 2691 1060 2716 1230
1077 2685 1192 2708 dovesse
1204 2692 1245 2708 es-

354 2733 412 2749 sere
432 2726 475 2750 fra
495 2726 517 2748 le
537 2726 587 2749 due
606 2725 676 2750 cittii
695 2734 749 2750 una
770 2729 864 2759 tregua
884 2727 912 2750 di
932 2728 995 2751 otto
1014 2726 1083 2750 anni
1104 2726 1209 2757 (vedasi
1224 2726 1245 2749 il

354 2769 426 2791 testo
446 2768 487 2791 del
500 2768 582 2790 laudo
604 2768 631 2790 in
649 2769 717 2796 HR,
739 2775 764 2792 n.
788 2775 850 2799 191:
865 2768 938 2798 RA.,
958 2776 984 2792 n.
1006 2768 1070 2798 2873
1093 2768 1166 2796 T1R.,
1183 2768 1245 2792 Cod.

355 2816 380 2831 n.
402 2809 467 2837 ¹780:
487 2808 524 2831 cf.
545 2809 649 2831 Bonan
663 2816 697 2835 LR„
715 2817 739 2831 n.
757 2812 859 2840 13044’.
899 2810 953 2833 Fra
966 2810 990 2832 le
1006 2808 1186 2841 prescrizioni
1201 2808 1245 2832 del

354 2850 436 2873 laudo
456 2857 500 2873 era
521 2850 545 2873 Ia
565 2850 742 2873 restituzione
769 2850 813 2874 dei
841 2851 1007 2883 prigionieri
1029 2858 1043 2874 e
1062 2850 1130 2874 delle
1148 2848 1212 2874 c‘ose
1232 2857 1246 2873 e

353 2892 417 2914 beni
437 2892 566 2922 occupati
587 2899 603 2914 o
623 2891 787 2914 confiscati:
808 2891 853 2914 cio
867 2893 917 2916 che
932 2892 1027 2924 spiega
1046 2892 1069 2915 le
1084 2891 1178 2923 parole
1193 2892 1205 2904 ‘⁴
1218 2892 1247 2914 et

357 2934 369 2944 “
379 2933 461 2964 capta
474 2932 568 2955 relicta
580 2932 693 2955 fuer-unt
704 2950 725 2961 w
736 2931 796 2955 cio}
808 2933 830 2955 Ie
843 2939 907 2956 cose
917 2940 994 2964 prese
1006 2932 1109 2956 turono
1122 2932 1246 2956 rilascia-

355 2975 390 3001 te,
402 2973 553 2997 restituite:
566 2980 608 2996 ma
623 2974 648 2996 la
662 2974 725 2997 data
741 2974 763 2996 si
780 2973 904 2997 riferisce
917 2974 1054 3006 piuttosto
1068 2973 1121 2998 alla
1134 2980 1246 2998 emana-

355 3015 434 3037 zione
454 3014 495 3037 del
515 3014 604 3038 laudo.
625 3015 675 3037 che
696 3015 731 3037 tu.
748 3014 794 3046 piu
810 3016 1002 3043 esattamente,
1017 3015 1037 3038 iI
1054 3021 1084 3038 22
1100 3015 1244 3039 dicembre.

1381 1933 1391 1949 ²
1411 1934 1572 1958 Podesteria
1591 1933 1790 1957 documentata
1816 1933 1913 1963 (Arch.
1938 1931 2024 1965 capit.
2050 1939 2124 1964 perg.
2151 1932 2188 1956 Μ.

1298 1976 1402 2007 11.388:
1426 1976 1438 1989 ¹¹
1450 1978 1575 2006 tempore
1594 1975 1620 1998 d.
1640 1974 1814 1998 Marchionis
1834 1974 2035 1999 Cavalcabovis
2055 1975 2112 2006 pot.
2124 1974 2158 2004 1,).

1381 2016 1391 2032 3
1411 2018 1447 2042 Di
1467 2019 1565 2049 questa
1585 2016 1744 2049 spedizione
1764 2017 1909 2040 modenese
1922 2023 1979 2039 non
1994 2016 2017 2039 si
2031 2016 2067 2040 ha
2082 2015 2188 2040 notizia

1292 2060 1416 2084 altrove:
1436 2067 1479 2083 ma
1500 2059 1508 2082 i
1529 2058 1695 2082 Mantovani
1711 2058 1754 2081 nel
1770 2064 1836 2088 1²30
1855 2058 1984 2081 invasere
2005 2057 2024 2080 il
2043 2057 2188 2081 territorio

1294 2107 1426 2125 veronese
1451 2108 1465 2125 e
1484 2107 1664 2132 occuparono
1689 2099 1760 2123 Isola
1786 2099 1855 2123 della
1874 2098 1953 2123 Scala
1973 2107 1986 2123 e
2005 2098 2071 2123 altri
2090 2098 2187 2130 luoghi

1293 2142 1374 2174 (Arm.
1397 2143 1465 2173 Ver„
1484 2142 1513 2166 in
1533 2143 1573 2166 ΑΙ.
1589 2141 1631 2169 G.,
1645 2141 1719 2171 XIX,
1739 2146 1770 2171 73
1792 2141 1860 2165 Ann.
1875 2143 1967 2170 mant„
1986 2141 2036 2170 ivi,
2057 2140 2109 2170 21).

1383 2182 1393 2199 ⁴
1415 2191 1446 2208 33
1465 2184 1568 2216 luglio:
1588 2183 1615 2207 di
1636 2184 1733 2215 questo
1761 2181 1876 2215 podesta
1901 2190 1915 2206 e
1940 2182 2008 2206 della
2027 2189 2075 2206 sua
2102 2183 2190 2206 morte

1295 2235 1351 2252 non
1372 2228 1445 2251 resta
1463 2227 1563 2251 alcuna
1583 2225 1802 2249 testimonianze.
1822 2225 1866 2248 nei
1887 2225 2058 2249 documenti.

1383 2268 1394 2283 5
1414 2269 1452 2293 Le
1472 2268 1484 2279 “
1497 2269 1595 2292 domus
1611 2267 1747 2292 Comunis
1759 2284 1771 2296 v
1791 2266 1991 2290 incominciate
2006 2266 2048 2290 nel
2065 2271 2130 2297 1231
2146 2265 2189 2290 fu-

1295 2318 1366 2335 rono
1386 2311 1409 2334 Ie
1422 2309 1593 2334 costruzioni
1607 2316 1624 2333 a
1637 2306 1757 2332 mezzodi
1772 2308 1815 2332 del
1830 2308 1843 2321 “
1855 2307 1989 2340 palatium
2008 2309 2090 2332 vetus
2102 2325 2115 2337 n
2125 2325 2131 2337 ‚
2145 2309 2189 2331 tra

1295 2352 1418 2376 l’attuaie
1438 2351 1549 2375 scalone
1568 2358 1582 2374 e
1602 2351 1627 2374 la
1641 2350 1688 2374 via
1702 2349 1743 2374 del
1766 2349 1937 2379 Castellar03
1951 2348 2124 2373 costruzioni
2138 2349 2189 2372 che

1296 2393 1399 2417 turono
1419 2393 1526 2417 ridotte
1543 2399 1560 2416 a
1580 2391 1673 2415 forma
1699 2391 1727 2415 di
1755 2391 1863 2423 palazzo
1887 2390 1929 2414 nel
1959 2395 2022 2420 1251
2044 2390 2091 2419 (cf.
2118 2390 2190 2414 SAN-

1298 2441 1436 2463 Donmm,
1456 2442 1482 2467 p.
1503 2433 1557 2465 96).

1385 2474 1395 2490 ⁵
1415 2477 1569 2507 Di’questa
1589 2474 1745 2508 pedesteria
1764 2475 1787 2498 si
1807 2474 1902 2497 hanno
1922 2473 2082 2497 documenti
2108 2474 2191 2503 (RE,

1298 2525 1344 2542 nn.
1365 2523 1423 2548 312,
1439 2523 1506 2549 3133
1522 2517 1594 2545 RA.,
1610 2524 1656 2540 nn.
1672 2515 1730 2545 288,
1750 2517 1799 2547 289
1813 2515 1859 2539 dei
1872 2515 1967 2546 giomi
1980 2514 1996 2538 6
2009 2522 2024 2538 e
2040 2514 2070 2538 16
2090 2515 2191 2538 dicem-

1297 2559 1344 2583 bre
1367 2566 1445 2591 1231:
1471 2558 1483 2570 ‘¹
1496 2558 1543 2583 dfri
1565 2557 1679 2582 Girardi
1699 2557 1732 2581 de
1751 2557 1863 2581 Albinis
1884 2558 1941 2589 pot.
1964 2556 2065 2580 Mutin.
2079 2555 2102 2587 η)

1386 2599 1395 2615 7
1416 2601 1456 2625 La
1476 2600 1635 2633 podesteria
1655 2598 1815 2623 dell'Albini
1835 2598 1866 2622 t'u
1885 2598 1956 2622 dalla
1977 2597 2029 2622 fine
2054 2598 2082 2622 di
2106 2597 2190 2630 Iuglio

1300 2649 1363 2674 1331
1386 2650 1400 2666 a
1421 2644 1493 2667 tutto
1515 2642 1535 2665 il
1557 2647 1639 2672 1232}
1659 2642 1702 2665 sta
1721 2641 1789 2664 bene
1808 2640 1915 2672 quindi,
1936 2641 2012 2663 sotto
2033 2639 2061 2663 di
2082 2646 2150 2668 essa,
2164 2640 2190 2663 la

1298 2684 1499 2716 registrazione
1517 2683 1561 2708 del
1575 2683 1688 2715 viaggio
1703 2682 1731 2706 di
1746 2682 1879 2706 Federico
1892 2681 1927 2711 ΙΙ,
1941 2682 1991 2706 che
2005 2681 2029 2705 al
2045 2681 2188 2713 principio

1299 2726 1327 2750 di
1349 2725 1490 2750 dicembre
1512 2731 1576 2756 1231
1597 2724 1696 2757 giunse
1715 2724 1759 2748 dal
1778 2724 1874 2755 Regno
1893 2731 1910 2747 a
1928 2723 2064 2747 Ravenna
2082 2730 2096 2746 e
2110 2723 2138 2746 vi
2153 2723 2191 2746 ri-

1300 2774 1373 2791 mase
1392 2767 1448 2791 fino
1467 2767 1492 2791 al
1513 2772 1526 2797 7
1542 2773 1634 2790 marzo
1654 2772 1734 2796 123²}
1754 2765 1800 2798 poi
1815 2765 1838 2789 si
1854 2764 1917 2789 reeb
1930 2772 1946 2788 a
1960 2764 2087 2793 Venezia,
2103 2764 2191 2796 Aqui-

1299 2809 1351 2833 leia
1371 2817 1384 2833 e
1404 2808 1540 2838 Cividale,
1562 2808 1728 2832 “locuturus
1748 2814 1810 2831 cum
1829 2806 1976 2830 Alamanie
1991 2805 2165 2837 principibus
2177 2822 2190 2835 „

1300 2850 1379 2879 (Anu.
1396 2851 1510 2881 placent.
1531 2849 1561 2873 in
1583 2849 1623 2873 M.
1649 2849 1692 2878 G.,
1713 2848 1813 2878 XVIII,
1833 2847 1904 2879 470),
1926 2854 1969 2871 ma
1990 2854 2045 2870 non
2066 2846 2141 2871 ando
2160 2847 2190 2870 in

1300 2892 1459 2921 Germania,
1480 2892 1542 2915 anzi
1564 2891 1605 2915 nel
1627 2891 1737 2923 maggio
1757 2889 1867 2914 ritorno
1888 2897 1936 2922 per
1949 2896 2022 2912 mare
2038 2889 2078 2912 nel
2092 2889 2190 2921 Regno

1299 2934 1463 2965 (Βοιῑιηιεκ,
1484 2932 1564 2965 Raeg„
1586 2940 1633 2956 nn.
1657 2931 1824 2963 1910—1988).

1388 2972 1398 2988 3
1418 2973 1487 2998 Sino
1506 2973 1551 2998 dal
1571 2973 1662 2997 secolo
1683 2972 1734 2997 XII
1753 2973 1777 2996 si
1803 2973 1839 2996 ha
1864 2972 1971 2996 indizio
1991 2971 2190 2996 deu’esistenza

1301 3017 1328 3040 di
1351 3015 1496 3049 pubbliche
1515 3015 1609 3040 scuole
1627 3015 1655 3039 di
1676 3014 1746 3047 Ieggi
1766 3015 1796 3038 in
1818 3013 1947 3044 Modena,
1966 3021 1979 3037 e
1999 3014 2033 3038 da
2053 3020 2091 3037 un
2111 3014 2192 3038 breve

2206 863 2244 894 10

2207 1125 2243 1157 15

2204 1391 2246 1422 20

2215 2104 2250 2130 40

2216 2309 2249 2335 45

2218 2514 2251 2539 50

2218 2720 2249 2746 55

2218 2926 2252 2950 60
