2318 3603
242 1816 270 1831 1()

234 2653 268 2677 30

236 2864 267 2889 35

876 210 1197 261 'CHRonoN
1226 226 1537 264 MUT1NENSE
1849 235 1933 270 [AA.
1954 238 2143 272 1310-1311]

303 339 454 371 calendis
477 342 611 382 augusti
625 340 645 373 ¹.
690 341 825 373 Eodem
842 348 997 384 tempore
1022 343 1079 374 die
1103 343 1224 374 ultimo
1248 343 1375 375 mensis
1399 346 1601 386 septembris
1626 353 1773 379 castrum
1800 348 1843 379 de
1868 347 2051 390 Marcaleis
2075 349 2141 380 fuit

300 398 533 424 constructum
558 400 592 424 et
616 395 829 427 redificatum
854 406 874 427 a
895 396 1146 427 Mutinensibus
1169 397 1390 434 extrinsecis3
1413 404 1446 429 et
1471 399 1594 430 eodem
1617 410 1708 432 anno
1739 401 1828 431 feria
1853 408 1974 443 quarta
1996 408 2141 443 quatuor

301 444 511 486 Temporum
536 447 602 478 fuit
619 457 639 477 a
654 447 908 480 Mutinensibus
930 449 1124 480 intrinsecis
1149 449 1361 480 combustum
1387 456 1421 481 et
1445 451 1592 484 totaliter
1617 453 1815 495 dissipatum
1839 464 1859 484 a
1882 454 2006 485 nostris
2029 460 2140 485 custo-

300 497 400 529 dibus
424 504 457 530 et
488 498 621 530 illorum
646 500 860 532 dominorum
885 501 943 543 qui
960 502 1007 533 ibi
1025 508 1121 533 erant
1133 500 1155 532 ².
1203 502 1337 534 Eodem
1355 513 1444 534 anno
1461 504 1517 535 die
1541 505 1626 536 iovis
1643 506 1834 547 penultimo
1851 506 1976 537 mensis
1993 506 2076 543 iulii,
2093 506 2141 547 [in

300 551 402 592 festo]
418 557 611 583 sanctorum
626 552 752 584 Abdon
764 559 799 585 et
813 554 939 591 Senen,
952 561 1120 586 venerunt
1136 555 1290 586 Mutinae
1307 556 1422 587 nuncii
1440 562 1473 587 et
1495 557 1732 590 ambaxatores
1759 559 1976 600 Imperatoris
2000 558 2141 590 Henrici

299 608 332 634 et
348 603 454 634 Ducis
472 604 647 642 Bavariae,
665 606 753 637 inter
769 616 855 647 quos
871 613 944 638 erat
960 618 1046 638 unus
1063 608 1255 649 episcopm,
1272 608 1316 638 ad
1332 608 1543 640 invitandum
1557 611 1713 642 civitates
1729 612 1772 642 ad
1787 611 2018 652 recipiendum
2032 612 2141 653 ipsum

298 655 471 687 dominum
497 657 741 698 Imperatorem
756 659 777 690 ³.
826 659 958 690 Eodem
982 660 1164 691 millesimo
1190 660 1246 691 die
1270 660 1430 691 mercurii
1462 661 1646 694 inmediate
1673 670 1751 694 ante
1775 664 1928 706 vigiliam
1953 663 2142 695 nativitatis

297 708 436 740 Domini
451 709 590 742 intravit
605 711 762 743 dominus
775 712 946 743 Henricus
959 713 1146 753 Imperator
1159 712 1396 744 Mediolanum
1410 714 1482 745 sine
1497 715 1611 756 aliquo
1621 715 1692 747 ictu
1705 717 1789 747 ferri
1804 723 1837 748 et
1852 717 1883 747 in
1898 717 1992 748 dicta
2005 717 2142 748 civitate

298 761 360 792 fuit
385 772 511 793 corona
529 763 640 795 ferrea
665 770 863 801 coronatus:
889 771 922 796 et
946 771 1028 796 tunc
1056 765 1213 797 dominus
1230 765 1344 797 Guido
1373 766 1465 797 della
1489 767 1611 805 Torre,
1640 769 1698 810 qui
1724 775 1804 801 tunc
1828 776 1902 800 erat
1926 769 2084 800 dominus
2107 774 2141 800 et

297 813 505 856 Capitaneus
529 816 718 848 Mediolani
746 817 902 855 civitatis,
927 818 1104 859 depositus
1128 818 1195 849 fuit
1219 829 1239 849 a
1262 819 1401 850 domino
1426 819 1573 851 civitatis
1605 827 1638 852 et
1661 822 1846 854 reformata
1870 822 1934 853 fuit
1951 822 2070 853 civitas
2093 821 2139 853 ad
2166 821 2203 851 10

299 867 543 908 Imperatorem
568 875 602 900 et
625 869 853 901 universalem
878 876 1009 912 partem
1023 871 1044 902 ⁴.
1093 871 1225 902 Eodem
1249 877 1403 912 tempore
1427 872 1475 902 illi
1508 873 1550 904 de
1583 872 1719 905 Sassolo
1744 885 1821 905 cum
1847 875 1938 906 omni
1962 880 2060 915 parte
2083 884 2144 905 sua

297 921 428 961 expulsi
445 921 584 954 fuerunt
600 923 644 954 de
657 923 794 955 civitate
811 923 976 962 Mutinae,
994 925 1074 966 quia
1087 931 1168 956 tunc
1181 925 1347 956 Nicolaus
1361 925 1404 956 de
1419 925 1645 957 Grassonibus
1654 935 1838 969 acceperat
1851 927 2105 969 Spilimberrum
2119 926 2141 958 ⁵.

386 972 436 989 ***
448 973 460 990 ⁶
483 974 669 1007 Millesimo
692 976 727 1006 in
751 976 899 1019 M.cccxj
917 977 949 1007 in
976 978 1066 1009 festo
1083 978 1256 1018 epifaniae
1273 977 1411 1009 Domini
1428 978 1459 1019 vj
1478 978 1623 1010 ianuarii
1639 979 1704 1010 fuit
1721 986 1902 1012 coronatus
1920 990 2048 1011 corona
2071 979 2141 1010 fer-

296 1036 355 1057 rea
371 1027 527 1059 dominus
550 1028 719 1060 Henricus
735 1029 925 1070 Imperator
943 1030 976 1061 in
994 1030 1133 1061 civitate
1150 1029 1343 1061 Mediolani
1358 1031 1394 1061 in
1411 1031 1557 1062 ecclesia
1574 1031 1694 1063 Sancti
1712 1032 1882 1064 Ambrosii
1901 1043 1976 1064 curn
1994 1031 2143 1063 maxima

297 1079 521 1117 solemnitate,
546 1080 581 1111 in
607 1092 674 1123 qua
698 1082 921 1113 coronatione
946 1082 1031 1114 fecit
1056 1083 1224 1114 ducentos
1247 1083 1373 1114 milites
1390 1090 1423 1114 et
1446 1083 1587 1125 singulis
1611 1084 1774 1116 donativa
1798 1085 1882 1116 fecit
1895 1084 1915 1116 ⁷.
1963 1085 2142 1116 Venerunt

299 1131 342 1162 de
359 1131 500 1175 singulis
525 1133 721 1166 civitatibus
744 1134 975 1166 Lombardiae
999 1135 1235 1167 ambaxatores
1259 1135 1429 1167 solemnes
1454 1142 1487 1167 et
1511 1143 1593 1167 tunc
1610 1137 1653 1167 de
1671 1137 1809 1168 civitate
1825 1137 1980 1169 Mutinae
2004 1138 2143 1168 iverunt

295 1184 377 1215 illuc
402 1192 547 1227 quatuor
570 1186 790 1228 infrascripti,
814 1187 951 1219 scilicet
975 1187 1131 1220 dominus
1155 1188 1359 1220 Franciscus
1384 1189 1427 1220 de
1446 1187 1644 1220 Mirandula
1667 1189 1775 1227 mileS‚
1793 1190 1950 1221 dominus
1968 1190 2081 1222 Guido
2098 1189 2141 1221 de

295 1237 374 1275 Piis,
399 1239 557 1270 dominus
580 1240 750 1272 Iohannes
773 1240 842 1282 [de]
868 1241 1057 1279 Boschefis,
1084 1241 1241 1272 dominus
1264 1240 1418 1273 Ubertus
1442 1242 1486 1273 de
1509 1241 1676 1274 Donoctis
1693 1242 1797 1273 iudex
1810 1241 1831 1274 ⁸.
1878 1243 2035 1275 Bononia
2057 1253 2140 1274 vero

297 1290 410 1322 stabat
433 1291 468 1322 in
494 1291 672 1324 obsidione
698 1293 863 1324 continua
885 1293 951 1335 ipsi
977 1294 1179 1335 Imperatori
1191 1293 1213 1325 ⁹.

385 1412 408 1435 4.
429 1406 457 1428 et
476 1411 538 1428 eum
557 1405 639 1429 caede
652 1405 769 1429 illorum
783 1405 877 1430 Mum:
897 1413 938 1429 ma
956 1410 1047 1437 questa
1067 1415 1134 1438 agg.
1155 1407 1185 1430 di
1201 1414 1262 1431 cum
1284 1407 1365 1431 caede
1385 1415 1433 1431 non
1453 1408 1465 1431 ὲ
1485 1408 1643 1437 necessaria,
1665 1407 1728 1431 anzi
1746 1409 1837 1431 altera
1857 1408 1879 1431 il
1896 1415 1984 1431 senso:
2004 1409 2069 1431 vuol
2081 1407 2140 1431 dire

297 1448 321 1471 il
335 1449 458 1473 Cronista
478 1450 522 1472 che
545 1451 617 1473 nella
631 1450 793 1474 dz'struzione
811 1451 902 1474 ebbero
921 1459 995 1474 mano
1015 1452 1026 1474 ι’
1044 1451 1145 1474 custodi
1163 1452 1206 1475 che
1225 1452 1251 1474 in
1272 1453 1331 1482 quel
1348 1453 1457 1475 castello
1477 1460 1556 1475 erano
1571 1455 1625 1482 per
1644 1452 1666 1475 il
1683 1460 1787 1475 comune
1807 1452 1838 1475 di
1856 1452 1972 1476 Modena
1986 1460 1999 1475 e
2020 1450 2071 1483 [et]
2087 1455 2140 1482 per

298 1491 407 1516 Giberto
426 1493 460 1516 da
484 1494 639 1525 Correggt'o
659 1502 672 1517 c
691 1494 835 1518 Passerino
856 1495 998 1518 Bonaeolsi
1016 1494 1142 1526 [illorum
1157 1495 1365 1524 dominorumlz
1387 1496 1410 1519 il
1429 1495 1544 1518 relativo
1564 1496 1612 1526 qui
1631 1495 1656 1519 si
1673 1497 1779 1527 collega
1799 1504 1844 1519 con
1864 1495 2028 1519 custodibus
2042 1508 2073 1511 —
2088 1502 2140 1527 4-5.

297 1532 326 1556 in
341 1533 439 1558 festo&
452 1536 558 1559 nelsolo
570 1534 647 1559 MUR.
663 1549 693 1552 —
708 1535 884 1566 5.Mutinam
899 1536 987 1565 Μυκη
1008 1537 1053 1560 Cr.
1075 1550 1106 1554 —-
1126 1536 1149 1560 6.
1170 1537 1204 1560 ad
1225 1536 1432 1568 recipiendum!
1459 1537 1509 1560 cosi
1534 1537 1627 1564 Mure,
1647 1546 1688 1560 ma
1709 1537 1750 1564 Α,
1771 1546 1784 1560 e
1806 1538 1850 1561 Cr.
1872 1539 1900 1560 et
1919 1536 2139 1568 recuperandum

297 1589 329 1592 —
349 1583 373 1607 9.
389 1575 476 1600 Turre
489 1577 584 1601 Mem:
598 1577 671 1601 Tore
691 1579 738 1607 A.3
752 1577 826 1601 Ture
842 1578 886 1602 Cr.
907 1592 939 1595 —
957 1585 996 1602 10.
1016 1579 1146 1602 dominio
1161 1578 1248 1607 Mra„
1263 1580 1308 1603 Cr.
1323 1593 1354 1596 —
1372 1586 1411 1610 13.
1426 1579 1580 1603 Millesimo
1594 1587 1642 1603 om.
1657 1579 1734 1603 MUR.
1749 1592 1780 1596 —
1797 1578 1836 1602 16.
1851 1578 2030 1602 Lonbardiae
2044 1579 2057 1602 ὲ
2071 1586 2138 1610 agg.

296 1618 322 1640 in
341 1618 375 1642 A.
387 1619 443 1650 fra
462 1621 488 1643 le
513 1620 592 1650 rig-he
616 1621 692 1644 dalla
711 1628 744 1644 m.
767 1628 839 1644 meno
858 1623 963 1650 esperta
984 1634 1016 1637 —
1040 1626 1078 1651 17.
1103 1619 1294 1653 infrascripti]
1314 1621 1364 1645 cos)
1385 1620 1463 1644 Mun.
1483 1630 1496 1644 ε
1529 1621 1587 1649 Cr.;
1609 1629 1651 1644 ma
1680 1621 1722 1647 A„
1751 1621 1923 1652 prescriptos
1944 1634 1976 1637 —
2000 1619 2041 1644 18.
2067 1620 2100 1644 de
2126 1621 2139 1644 ὲ

296 1668 363 1692 agg.
378 1661 427 1684 dal
439 1662 515 1685 Mmz.
537 1674 545 1678 —
564 1660 719 1693 Donoetisl
738 1662 789 1686 cosi
809 1663 886 1693 quale
906 1662 1003 1686 rr‘sulta
1023 1663 1071 1686 dai
1089 1663 1186 1691 Mem.‚-
1207 1670 1247 1685 ma
1267 1663 1309 1689 Α..
1328 1662 1415 1690 Mun..
1438 1664 1497 1686 Cn:
1518 1663 1641 1686 Donatis
1662 1676 1693 1679 —
1719 1669 1756 1694 19.
1777 1661 1938 1693 obsidione]
1965 1661 2043 1686 Mea.
2069 1670 2139 1686 corr.

296 1710 341 1726 con
355 1703 548 1736 oppositione,
563 1712 606 1728 ma
625 1707 697 1734 pare
708 1704 805 1736 forma
825 1707 918 1735 troppo
939 1705 1063 1728 moderna
1077 1708 1131 1735 per
1144 1705 1156 1728 i
1167 1705 1249 1735 tempi
1267 1705 1311 1728 del
1329 1705 1453 1728 crouista.

298 1770 438 1801 Fogliano
458 1771 489 1795 fu
508 1772 641 1802 capitano
661 1771 705 1795 del
727 1772 832 1804 popolo
851 1771 946 1796 Pietro
966 1772 999 1796 da
1018 1770 1192 1804 Sant’Agata

299 1811 355 1836 fino
374 1819 391 1836 a
410 1813 485 1837 tutto
505 1812 609 1845 aprileg
628 1812 674 1836 dal
697 1810 724 1836 1⁰
744 1814 853 1845 maggio
873 1812 954 1837 entro
968 1813 1101 1846 capitano
1115 1813 1192 1837 Iaco-

298 1853 366 1885 pino
387 1853 461 1878 della
481 1853 587 1878 Palude
606 1854 635 1877 di
654 1853 762 1878 Parma.

386 1893 395 1910 ¹
415 1895 580 1920 Podesteria
599 1896 795 1920 documentata
814 1896 906 1927 (Mem.
930 1903 1004 1928 1310,
1025 1897 1082 1920 vol.
1102 1896 1123 1925 1,
1143 1903 1190 1920 nn.

298 1940 358 1967 415,
379 1941 438 1968 754,
461 1941 541 1967 1371:
567 1935 619 1961 “d.
646 1937 757 1961 Albi-ici
783 1937 816 1961 de
842 1937 973 1961 Pollente
992 1938 1050 1969 pot.
1070 1938 1138 1961 Mut.
1165 1938 1192 1961 et

298 1978 347 2002 “d.
366 1977 494 2003 Iacobini
513 1978 547 2002 de
566 1979 663 2003 Paulle
681 1979 753 2002 civis
773 1979 872 2003 Parme
891 1979 977 2012 capit.
996 1987 1068 2004 com.
1087 1981 1116 2003 et
1141 1986 1190 2012 po-

255 2025 266 2048 3
298 2020 396 2052 “pulli
414 2021 527 2051 Mut.„3
546 2021 603 2046 vol.
622 2021 643 2050 Ι,
664 2028 690 2045 η.
710 2020 762 2052 659
781 2028 795 2044 e
815 2022 871 2045 vol.
891 2021 925 2051 ΙΙ,
945 2029 972 2045 n.
987 2028 1054 2053 934:
1075 2022 1125 2045 “d.
1139 2022 1191 2045 Al-

298 2062 390 2096 “brici
411 2062 443 2086 de
463 2062 582 2086 Polente
601 2064 660 2095 pot.
682 2063 751 2086 Μυῒ.
771 2064 799 2086 et
818 2062 843 2086 d.
863 2063 989 2095 Iacopini
1011 2063 1043 2087 de
1068 2063 1191 2087 Paulude

297 2104 310 2116 ‘⁴‘
321 2104 394 2128 civis
414 2104 511 2128 Parme
531 2111 591 2137 cap.
612 2112 682 2128 corn.
698 2106 726 2128 et
738 2112 805 2137 pop.
825 2105 894 2129 Mut.
906 2114 935 2135 „:
950 2105 1008 2129 vol.
1021 2105 1056 2132 II,
1075 2113 1102 2129 n.
1124 2110 1190 2136 319:

297 2146 370 2171 “dfii
394 2146 501 2170 Albrssci
520 2146 553 2169 de
579 2146 709 2170 Pollente
735 2148 793 2179 pot.
817 2146 886 2170 Mut.
906 2148 933 2170 et
951 2147 978 2171 d.
1003 2146 1132 2170 Iacobini
1158 2147 1191 2170 de

296 2186 309 2199 ⁸
323 2188 406 2212 Pallu
424 2187 496 2212 civis
515 2187 614 2212 Parme
633 2188 718 2220 capit.
741 2195 811 2212 com.
831 2189 860 2212 et
878 2196 943 2221 pop.
964 2188 1033 2212 Mut.
1047 2205 1074 2218 „,
1089 2195 1137 2220 per
1150 2195 1190 2212 re-

236 2234 247 2250 2
295 2229 461 2262 gisb-azioni
481 2229 526 2253 dal
546 2229 635 2262 luglio
656 2229 685 2252 in
706 2228 775 2262 poi).
812 2229 853 2254 La
872 2229 1046 2262 capltaneria
1065 2229 1093 2252 di
1112 2229 1189 2253 Iaco-

296 2271 364 2303 pino
383 2270 555 2294 cominciata
570 2270 589 2293 il
607 2269 633 2293 1⁰
651 2270 764 2302 maggio
779 2270 846 2295 duro
861 2271 925 2294 sino
945 2270 1001 2294 ana
1020 2270 1075 2294 fine
1093 2270 1123 2294 di
1136 2272 1191 2294 set—

295 2312 415 2342 tembre3
434 2312 473 2344 gli
492 2312 646 2336 succedette
668 2311 811 2336 Giovanni
833 2313 874 2337 de'
902 2311 1031 2336 Calizini.

382 2351 394 2368 ²
414 2353 466 2378 Del
486 2355 560 2378 fatto
581 2354 609 2378 di
630 2354 784 2386 Marzaglia
803 2355 865 2378 tace
889 2354 948 2383 Mg
973 2355 1071 2378 invece
1097 2354 1126 2378 in
1159 2355 1191 2378 T.

294 2393 308 2419 ‘e
326 2397 479 2420 accennata
498 2395 652 2419 solamente
672 2395 700 2418 la
721 2402 769 2418 sua
789 2395 962 2419 dfstruzione
981 2403 1029 2428 per
1048 2402 1133 2428 opera
1146 2395 1190 2420 dei

255 2440 264 2447 ⁷
295 2437 440 2463 Modenesi
461 2437 617 2462 intrinseci.
649 2436 690 2461 La
709 2435 805 2461 “feria
825 2440 926 2468 quarta
946 2438 1066 2469 quatuor
1085 2439 1191 2470 tempo-

296 2478 469 2508 “mm-...„
495 2476 510 2501 ὲ
534 2485 590 2501 una
615 2477 681 2501 data
708 2478 819 2502 difficile
837 2485 853 2501 a
880 2478 1028 2510 precisare.
1054 2476 1154 2508 perche
1182 2479 1192 2502 i

294 2520 390 2552 giorni
409 2519 478 2543 delle
503 2521 617 2550 quattro
639 2521 766 2551 tempora
791 2527 861 2543 sono
881 2520 1037 2544 solamente
1062 2521 1120 2543 tre:
1143 2520 1189 2543 nel

299 2568 366 2593 1310
389 2561 413 2585 le
432 2562 545 2593 quattro
571 2562 699 2592 tempora
725 2561 886 2585 d’autunno
911 2563 935 2584 si
962 2562 1121 2585 iniz‘arono
1146 2561 1191 2585 eol

295 2601 445 2627 mercoledi
469 2602 498 2627 16
516 2603 673 2627 settembre.
710 2602 818 2630 Questo
838 2602 912 2627 fatto
932 2603 956 2627 si
975 2603 1088 2634 collega
1113 2604 1191 2634 quasi

295 2646 463 2669 certamente
476 2644 534 2668 alla
546 2644 668 2668 eacciata
687 2644 715 2668 di
737 2645 834 2668 alcune
853 2644 982 2677 famiglie
1001 2644 1090 2677 guelfe
1108 2651 1191 2668 avve-

295 2688 363 2710 nuta
382 2686 428 2710 nel
448 2686 540 2717 luglio
561 2684 607 2716 (cf.
630 2686 691 2710 Chr.
712 2687 783 2718 Reg-
807 2686 837 2710 in
862 2687 926 2710 RR.
947 2687 987 2710 Il.
1009 2687 1070 2715 SS„
1089 2686 1190 2715 XVIJJ,

297 2735 343 2753 20:
366 2728 529 2753 “Gibellini
554 2727 587 2751 de
608 2727 719 2751 Mutina
736 2729 905 2760 expulerunt
931 2728 998 2752 illos
1018 2728 1051 2751 <le
1076 2728 1189 2758 Saxolo,

297 2768 310 2781 “
322 2769 355 2794 de
368 2770 522 2798 Ganaceto,
535 2769 568 2792 de
589 2768 776 2793 Grassonibus
788 2769 823 2800 ῃ),
843 2769 943 2801 ignota
963 2769 1018 2793 alle
1038 2768 1111 2793 fonti
1131 2776 1190 2793 mo-

296 2811 400 2835 denesi.
1160 2807 1163 2811 ⁴

383 2851 393 2867 ³
412 2852 506 2876 L'atto
526 2853 670 2883 compiuto
690 2851 734 2875 dai
755 2852 837 2875 messi
858 2853 884 2875 d?
907 2853 1011 2876 Enrico
1026 2852 1076 2875 vn
1093 2858 1188 2883 presso

296 2894 316 2917 il
335 2901 454 2918 comune
474 2893 503 2917 di
524 2893 644 2917 Modena
659 2901 715 2916 non
732 2892 785 2925 puo
800 2900 873 2917 esser
887 2894 935 2917 che
949 2894 975 2917 la
989 2892 1188 2917 notificazione

297 2935 338 2959 del
357 2936 480 2966 precetto
501 2935 529 2958 di
550 2934 594 2958 cui
614 2935 650 2958 cf.
671 2935 745 2965 Tm„
766 2936 857 2964 Mem„
876 2934 910 2963 ΙΙ,
934 2935 1038 2966 177-78.

384 2976 394 2992 ⁴
412 2976 619 3009 Sull'ingresso
639 2977 668 3001 di
687 2977 792 3001 Enrico
812 2976 864 3001 vn
883 2978 913 3001 in
929 2977 1045 3004 Milano,
1059 2977 1109 3000 che
1121 2976 1152 3000 iu
1167 2976 1187 3000 il

1247 1770 1382 1796 mereoldi
1403 1777 1435 1803 ²3
1457 1771 1607 1801 dieembre,
1633 1771 1668 1795 cf.
1696 1772 1892 1801 Ceam-mun,
1915 1769 2001 1800 XVII,
2025 1778 2046 1800 1,
2072 1771 2141 1795 ediz.

1247 1814 1350 1837 Ferrai.

1333 1853 1345 1870 ⁵
1363 1854 1406 1880 Cf.
1428 1855 1645 1879 GH¹RARDACCL
1665 1855 1685 1883 Ι,
1707 1859 1766 1886 544.

1335 1894 1346 1911 ⁶
1365 1896 1422 1924 Qui
1442 1897 1510 1920 cade
1530 1896 1754 1928 probabilmente
1774 1903 1830 1920 una
1849 1896 1958 1925 lacuna,
1985 1895 2141 1920 mancando

1246 1938 1446 1962 l‘indicazione
1466 1938 1509 1962 dei
1524 1940 1624 1962 rettori
1639 1938 1683 1962 del
1699 1938 1827 1963 Comune
1842 1940 1947 1962 entrati
1959 1938 1985 1962 al
1999 1938 2141 1971 principio

1246 1979 1288 2003 del
1303 1987 1378 2011 1311,
1392 1981 1442 2004 che
1455 1980 1559 2004 turono
1574 1980 1767 2004 Parcittadino
1783 1980 1824 2003 de'
1840 1979 1994 2004 Pareittadi
2008 1979 2140 2003 riminese

1246 2030 1295 2054 per
1315 2021 1433 2054 podesta
1452 2029 1466 2045 e
1487 2021 1633 2046 Giovanni
1654 2021 1775 2047 Calizini
1795 2022 1928 2052 capitano
1949 2021 2041 2052 (illem.
2065 2027 2141 2052 1311,

1247 2063 1303 2086 vol.
1323 2063 1343 2087 Ι.
1365 2071 1390 2087 n.
1413 2063 1489 2092 2008,
1509 2063 1567 2086 vol.
1593 2063 1627 2087 II.
1656 2071 1681 2086 n.
1711 2069 1792 2094 1924:
1814 2062 1966 2095 “tempore
1991 2063 2142 2094 regiminis

1246 2104 1259 2116 “
1271 2104 1319 2128 dfii
1340 2105 1497 2128 Parcitaini
1517 2104 1550 2127 de
1570 2105 1718 2128 Pax-citatis
1732 2105 1765 2128 de
1781 2104 1897 2128 Rimino
1913 2106 1971 2136 pot.
1985 2111 2057 2128 com.
2072 2105 2141 2128 Mut.

1249 2144 1300 2169 “et
1318 2146 1454 2169 Iohannis
1474 2145 1507 2169 de
1527 2146 1665 2179 Calicinis
1685 2146 1770 2178 capit.
1790 2145 1930 2169 libertatis
1943 2153 2014 2169 com.
2030 2145 2141 2178 populli

1247 2186 1260 2199 “
1272 2187 1342 2210 Mut.
1352 2204 1373 2216 „.
1386 2194 1434 2218 per
1447 2187 1645 2218 registrazioni
1661 2187 1705 2211 dal
1724 2185 1750 2210 1⁰
1763 2189 1887 2218 genna²o
1901 2187 1928 2210 al
1946 2193 1978 2210 10
1987 2186 2139 2217 febbraio).

1333 2226 1343 2242 7
1363 2229 1439 2253 Sulla
1459 2230 1648 2253 coronazione
1660 2228 1696 2254 cf.
1710 2229 1902 2257 CERMENATE,
1917 2228 2004 2257 XVH,
2026 2232 2056 2258 5;
2070 2229 2139 2253 N1c-

1246 2268 1315 2294 coLo
1336 2277 1367 2294 nx
1386 2271 1539 2294 Boram-ro
1559 2271 1588 2294 in
1609 2271 1674 2295 RR.
1694 2271 1733 2294 Il.
1748 2270 1808 2299 SS„
1822 2270 1870 2299 ΙΧ,
1884 2270 1949 2302 895ς
1970 2271 2005 2294 A.
2025 2270 2138 2295 Mussn-

1246 2319 1291 2341 το,
1314 2313 1384 2336 Hist.
1404 2315 1529 2343 augmta.
1551 2312 1600 2336 lIb.
1620 2312 1641 2341 Ι,
1664 2319 1710 2341 ης
1733 2311 1766 2336 G.
1782 2312 1922 2339 FLAMMA.
1946 2312 2138 2344 Mane'p.flor.,

1245 2360 1306 2386 cap.
1326 2353 1440 2378 CCCL:
1462 2354 1481 2377 il
1503 2361 1620 2377 numero
1640 2354 1684 2377 dei
1704 2353 1840 2378 cavalieri
1861 2353 1960 2376 armati
1980 2353 2015 2377 da
2035 2354 2138 2377 Enrico

1245 2395 1275 2418 in
1289 2396 1346 2419 tale
1359 2395 1509 2419 occasione
1523 2396 1602 2419 varia
1616 2395 1691 2420 nelle
1705 2395 1780 2418 fonti
1792 2403 1798 2422 ;
1811 2394 1856 2418 chi
1871 2394 1929 2418 dice
1947 2394 2005 2424 160,
2019 2395 2064 2419 chi
2080 2395 2138 2420 180.

1333 2435 1345 2451 Β
1365 2436 1419 2461 (Ξίὲ
1439 2437 1484 2460 nel
1499 2436 1637 2460 dicembre
1652 2443 1720 2467 13¹0
1734 2437 1754 2460 51
1768 2443 1884 2461 comune
1897 2436 1926 2459 di
1941 2436 2061 2461 Modena
2073 2443 2139 2461 ave-

1247 2485 1280 2502 va
1302 2479 1403 2502 inx-iati
1423 2480 1620 2503 ambasciatori
1640 2479 1674 2503 ad
1689 2479 1792 2502 Enrico
1807 2478 1859 2502 VII
1874 2479 1901 2500 in
1917 2478 1979 2501 Asti
1994 2477 2138 2503 Gherardo

1248 2519 1389 2543 Buzzalini
1409 2526 1422 2543 e
1442 2520 1576 2543 Antelmo
1602 2519 1735 2547 Zancani,
1762 2519 1815 2543 due
1839 2518 1883 2542 dei
1903 2517 1951 2550 piu
1977 2519 2138 2543 auton-evoli

1245 2561 1384 2585 cittadini.
1422 2561 1529 2589 Questa
1543 2568 1637 2585 nuova
1656 2561 1826 2585 ambasceria
1845 2567 1893 2591 per
1912 2560 1939 2583 la
1953 2561 2138 2585 coronazione

1245 2603 1274 2626 fu
1294 2603 1321 2626 di
1337 2605 1377 2627 tre
1391 2604 1481 2627 nobili
1496 2611 1510 2627 e
1524 2611 1560 2627 un
1574 2603 1694 2632 dottore,
1717 2603 1822 2626 Uberto
1843 2603 1973 2632 Donoffi,
1988 2602 2032 2626 del
2048 2604 2136 2634 quale,

1245 2651 1324 2668 come
1355 2644 1382 2667 di
1409 2645 1520 2676 giuche
1546 2645 1589 2668 del
1622 2651 1746 2673 comune,
1775 2642 1789 2668 ὲ
1815 2643 1960 2674 frequente
1991 2646 2136 2669 menzione

1246 2686 1324 2717 negli
1349 2686 1402 2709 atti
1429 2686 1556 2718 pubblici
1584 2685 1674 2716 (Mem.
1703 2691 1779 2716 1301,
1806 2693 1832 2708 n.
1853 2684 1920 2716 9643
1948 2686 2029 2709 hiem.
2059 2686 2136 2717 1306,

1246 2729 1302 2751 vol.
1322 2728 1356 2754 ΙΙ,
1376 2736 1404 2751 n.
1424 2735 1491 2759 4493
1513 2729 1592 2752 Mem.
1616 2729 1693 2758 1308,
1713 2728 1771 2753 vol.
1791 2727 1812 2757 Ι,
1832 2735 1879 2751 nn.
1900 2727 1942 2756 87,
1969 2727 2030 2758 936,
2053 2728 2136 2758 11763

1245 2769 1325 2793 Mem.
1343 2774 1418 2800 1309.
1443 2776 1471 2793 n.
1486 2769 1583 2800 3430:
1597 2768 1654 2800 egli
1674 2768 1782 2792 trovasi
1803 2768 1891 2791 anche
1911 2768 2045 2792 inscritto
2059 2769 2135 2793 nella

1245 2811 1392 2834 matricola
1412 2811 1458 2834 dei
1477 2810 1587 2842 giudici
1605 2817 1620 2834 e
1633 2810 1762 2833 avvocati
1783 2810 1886 2840 (Auen.
1907 2816 1979 2834 conr.
1993 2816 2025 2833 m
2045 2810 2134 2841 Mon„

1246 2852 1316 2876 Stat.
1338 2851 1465 2876 dell’arte
1485 2853 1528 2875 dfi
1542 2852 1649 2882 giudic-1⁸
1667 2860 1680 2874 e
1699 2851 1785 2881 notai)
1805 2858 1819 2874 e
1843 2849 1890 2883 gizi
1909 2858 1955 2874 cra
1975 2854 2065 2876 morto
2086 2853 2133 2877 nel

1250 2900 1316 2924 1329
1341 2893 1432 2923 (ΛΙιηι.
1462 2899 1536 2925 ¹329-
1563 2901 1589 2917 n.
1617 2899 1699 2923 2703:
1722 2893 1800 2916 “dria
1821 2893 1946 2916 Iohanna
1974 2892 2011 2917 fil.
2037 2894 2081 2925 qd.
2107 2894 2132 2917 d.

1245 2936 1256 2946 ‘¹
1270 2935 1368 2959 Uberti
1389 2935 1422 2959 de
1443 2936 1565 2959 Donotis
1578 2934 1611 2966 „).

1331 2975 1342 2990 ⁹
1360 2976 1653 3008 sull'atteggiamento
1673 2977 1756 3001 ostile
1777 2977 1820 3000 dei
1840 2977 1991 3008 Bolognesi
2012 2977 2132 3010 rispetto

2170 1083 2205 1115 15

2170 1816 2204 1840 40

2170 2024 2201 2047 45

2169 2233 2202 2258 50

2168 2445 2199 2471 55
