2318 3603
129 596 149 610 ί.

164 593 219 612 5³⁶

248 1906 280 1922 10

247 2364 279 2382 ετ)

247 2783 280 2807 30

913 204 1225 240 CHRONICON
1252 206 1562 243 MUTINENSE
1844 214 1930 248 [ΛΑ.
1950 216 2004 242 131
2013 216 2148 250 5-13101

309 273 2135 287 ..................................................................................................................................................................................................

312 318 454 350 Pontem
471 319 514 350 de
537 319 650 351 Doxio
667 325 701 351 et
716 326 836 362 postea
852 320 964 352 statim
983 322 1140 353 dominus
1155 322 1258 354 Canis
1274 322 1365 354 della
1381 323 1484 355 Scala
1501 330 1534 356 et
1550 325 1662 356 dictus
1678 325 1835 356 dominus
1851 325 2051 357 Passarinus
2070 336 2146 357 cum

309 370 469 413 gentibus
486 382 601 403 eorum
619 372 788 404 irruerunt
805 384 907 415 super
923 374 1121 406 comitatum
1139 374 1329 406 Cremonae
1346 375 1364 406 ¹.
1404 376 1536 408 Eodem
1553 377 1733 409 millesimo
1752 378 1806 409 die
1824 378 1933 409 sabati
1948 378 1979 421 xj
2000 378 2149 410 octobris

311 430 477 456 venerunt
493 424 648 457 Mutinae
671 426 790 457 literae
807 433 840 458 et
856 437 946 458 nova
958 426 968 442 ²
994 428 1087 469 quod
1104 427 1190 459 filius
1214 428 1341 459 domini
1359 428 1569 461 Manfredini
1594 431 1636 462 de
1661 431 1830 462 Becharia
1848 441 1949 462 manu
1966 438 2094 462 armata
2118 437 2151 463 et

311 475 479 507 violenter
502 477 643 509 intravit
666 478 808 520 Papiam
834 485 867 510 et
892 489 965 510 earn
990 480 1136 520 optinuit
1161 486 1194 512 et
1217 480 1345 511 factum
1377 481 1442 512 fuit
1473 488 1554 514 tunc
1586 483 1740 514 Mutinae
1766 483 1865 519 fallo:
1892 489 1925 514 et
1949 490 2030 514 tunc
2055 483 2151 515 multi

307 527 494 570 Papienses
518 530 656 562 fuerunt
679 531 866 569 interfecti,
885 532 974 564 inter
997 543 1082 574 quos
1105 532 1229 564 Comes
1252 532 1532 565 Aldrevandinus
1548 535 1635 567 filius
1652 536 1796 567 Comitis
1814 537 1842 568 F
1844 536 1981 577 iliponis
2005 536 2061 577 qui
2087 536 2151 567 fuit

311 581 469 613 dominus
492 582 622 624 Papiae
647 584 753 616 multo
778 584 960 626 tempore.'
1007 585 1139 617 Eodem
1170 585 1346 617 millesimo
1381 586 1475 618 dicto
1507 597 1622 619 mense
1647 588 1799 620 octobris
1823 595 1899 630 post
1922 598 2050 629 paucos
2073 588 2148 619 dies

312 633 406 675 cepit
430 634 540 666 dictus
564 636 652 667 filius
675 637 806 668 domini
830 638 1044 669 Manfredini
1070 644 1215 669 castrum
1239 638 1332 680 quod
1365 639 1491 671 dicitur
1515 640 1672 672 Viadana
1696 652 1758 682 per
1782 642 2004 673 concordiam
2029 647 2062 672 et
2086 651 2145 681 pa-

312 696 397 724 cem,
422 687 457 717 in
481 688 682 730 episcopatu
706 690 908 721 Cremonae.
957 691 1088 722 Eodem
1113 691 1292 722 millesimo
1317 697 1350 723 et
1374 702 1489 723 mense
1507 693 1663 725 dominus
1679 694 1784 725 Canis
1803 694 1894 725 della
1911 693 2038 734 [Scala]
2057 693 2151 734 cepit

310 745 456 771 castrum
483 740 716 782 Sablone[tae]
740 742 908 774 violenter
925 743 960 774 in
978 744 1179 785 episcopatu
1196 743 1397 781 Cremonae,
1415 744 1473 776 ubi
1490 745 1556 776 fuit
1572 746 1607 776 in
1625 747 1778 778 exercitu
1802 757 1833 778 x.
1859 746 1979 778 diebus
1996 756 2073 777 cum
2090 746 2152 777 do-

309 791 403 823 mino
428 791 620 831 Passarino,
637 800 669 826 et
687 801 764 836 post
786 806 916 836 paucos
940 796 1013 827 dies
1036 797 1159 827 iterum
1183 796 1357 827 redierunt
1381 807 1482 837 super
1506 797 1633 829 dictum
1652 799 1888 840 episcopatum
1906 799 2098 830 Cremonae
2117 803 2150 828 et

308 852 473 884 ceperunt
496 847 663 886 praedicti
689 853 836 879 castrum
860 849 952 890 quod
976 855 1118 880 vocatur
1141 848 1307 885 Piadena,
1324 849 1382 880 ubi
1406 849 1471 880 fuit
1487 856 1639 882 mortuus
1657 851 1827 883 Iohannes
1842 851 2041 883 Manafesta
2068 850 2152 881 civis

307 894 472 935 Mutinae,
498 905 532 930 et
554 899 645 931 istud
670 906 817 932 castrum
834 911 895 942 per
911 901 1134 932 concordiam
1159 901 1351 933 habuerunt
1376 908 1410 933 et
1432 902 1479 933 ibi
1497 903 1635 935 fuerunt
1652 905 1758 936 multo
1782 910 1937 945 tempore
1951 902 1972 935 ³.
2020 903 2152 935 Eodem

306 949 488 982 millesimo
513 958 546 983 et
569 963 660 984 anno
677 953 875 986 Ludovicus
891 954 969 986 Rex
986 954 1153 986 Franciae
1165 954 1177 970 ⁴
1192 955 1281 986 filius
1297 955 1405 997 Regis
1421 956 1448 987 F
1450 955 1523 996 ilipi
1540 956 1670 997 incepit
1685 967 1841 999 guerram
1866 968 1944 988 cum
1960 956 2151 988 Flandren-

306 1001 409 1041 sibus,
433 1014 510 1035 cum
535 1005 658 1047 quibus
680 1012 780 1047 pater
802 1017 922 1048 pacem
954 1008 1097 1044 fecerat,
1124 1013 1157 1038 et
1182 1008 1286 1039 exivit
1309 1013 1431 1039 contra
1455 1019 1514 1039 eos
1537 1014 1570 1039 et
1594 1015 1673 1040 ante
1698 1009 1823 1041 bellum
1846 1009 2051 1041 Ludovicus⁴
2067 1018 2150 1040 con-

305 1061 457 1087 secratus
480 1057 547 1089 fuit
573 1064 606 1089 et
629 1070 771 1090 uxorem
794 1060 892 1091 duxit
915 1060 1018 1091 filiam
1043 1059 1159 1092 Caruli
1182 1060 1346 1097 Martelli‚
1371 1060 1428 1102 qui
1452 1060 1518 1091 fuit
1543 1061 1630 1092 filius
1654 1061 1770 1093 Caruli
1800 1062 1910 1104 Regis
1942 1061 2092 1099 Siciliae,
2116 1066 2150 1092 et

306 1114 380 1139 erat
403 1109 467 1141 sibi
491 1111 687 1154 propinqua
710 1112 746 1143 in
770 1113 879 1144 tercio
897 1113 950 1144 vel
969 1118 1091 1154 quarto
1107 1113 1236 1155 gradu3
1261 1118 1296 1144 et
1312 1114 1398 1144 haec
1417 1113 1501 1145 fecit
1524 1124 1585 1154 spe
1609 1114 1746 1146 futurae
1771 1114 2046 1156 dispensacionis
2070 1114 2150 1156 quia

306 1160 454 1194 vacabat
478 1163 578 1195 sedes
602 1165 794 1206 apostolica
817 1176 880 1207 per
903 1171 1046 1197 mortem
1071 1165 1261 1197 Clementis
1277 1165 1403 1207 Papae.
1450 1166 1516 1197 Hic
1540 1166 1660 1198 habuit
1685 1168 1784 1198 aliam
1808 1177 1948 1199 uxorem
1971 1167 2116 1209 primum
2130 1166 2152 1203 ⁵,

304 1213 407 1245 filiam
426 1215 524 1246 ducis
540 1215 775 1259 Burgundiae‚
793 1228 880 1259 quae
899 1218 1085 1250 maculavit
1101 1218 1268 1249 honorem
1285 1228 1380 1249 suum
1405 1219 1632 1250 commiscens
1648 1229 1683 1250 se
1701 1220 1837 1251 cuidam
1860 1220 1958 1251 militi
1975 1225 2009 1250 et
2025 1220 2090 1250 hac
2107 1219 2151 1250 de

305 1276 409 1298 causa
432 1268 499 1299 fuit
522 1269 716 1307 interfecta,
741 1276 775 1302 et
799 1271 950 1302 nondum
977 1277 1049 1302 erat
1074 1276 1259 1302 coronatus
1281 1271 1362 1312 quia
1387 1270 1679 1313 Archiepiscopus
1704 1273 1868 1304 remensis
1891 1282 1960 1304 non
1977 1278 2050 1303 erat
2067 1281 2150 1303 con-

305 1326 468 1359 sacratus‚
491 1322 536 1353 ad
561 1332 662 1364 quem
687 1329 820 1364 spectat
844 1324 953 1366 Regis
977 1324 1148 1365 praedicti
1172 1323 1357 1355 coronacio
1383 1324 1426 1355 de
1450 1324 1524 1355 iure
1550 1330 1583 1356 et
1607 1325 1854 1356 consuetudine
1878 1325 2043 1366 aprobata
2055 1324 2077 1356 ⁶.

392 1371 559 1403 Dominus
575 1371 826 1416 Maghinardus
843 1375 886 1406 de
904 1374 1055 1406 Tribulis
1071 1374 1229 1406 Potestas
1244 1373 1400 1406 Mutinae
1417 1374 1476 1415 [in]
1494 1373 1667 1418 M.cccxvj
1686 1386 1748 1417 per
1765 1386 1825 1407 sex
1842 1385 1975 1407 menses
1991 1375 2150 1416 inceptos

399 1522 419 1539 1.
439 1515 560 1540 Pontem
580 1516 613 1541 de
632 1515 740 1548 Doxiol
763 1518 814 1542 cosi
834 1518 899 1542 tutti
911 1519 921 1541 i
940 1518 1014 1545 testi;
1034 1516 1153 1541 Pontem
1176 1517 1209 1540 de
1229 1515 1336 1540 l'Olio?
1358 1531 1389 1533 ξ
1411 1524 1434 1541 2.
1454 1517 1608 1550 irruerunt]
1631 1518 1681 1543 cosi
1700 1520 1786 1547 MUR„
1807 1520 1867 1548 Cr.;
1882 1520 2030 1543 insuerunt
2045 1519 2087 1548 A.,
2106 1519 2150 1542 che

303 1558 430 1587 potrebbe
450 1567 536 1582 essere
556 1561 635 1583 anche
654 1568 765 1584 erronea
785 1560 958 1584 trascrizimte
978 1560 1007 1584 di
1024 1560 1139 1583 inerunt
1159 1572 1166 1576 -
1182 1558 1223 1590 XJ]
1249 1565 1280 1582 10
1301 1559 1324 1582 A
1337 1576 1343 1582 .
1363 1559 1448 1587 MURq
1463 1562 1524 1588 C›·.;
1545 1563 1589 1585 nel
1601 1568 1671 1592 1335
1684 1562 1707 1585 il
1723 1569 1755 1586 ιο
1775 1562 1874 1585 ottobre
1893 1562 1976 1586 cadde
1995 1561 2021 1584 in
2038 1559 2149 1584 venerdi

307 1613 339 1615 —
363 1607 387 1631 3.
406 1600 548 1625 Mutinam
571 1601 657 1629 Μυκη
680 1603 725 1626 Cr.
745 1615 755 1620 —
774 1602 922 1634 Becharia]
943 1602 993 1626 cosi
1015 1602 1107 1626 Mun:
1127 1601 1268 1624 Vocharia
1289 1602 1339 1625 A:
1359 1601 1498 1626 Vacharia
1520 1605 1565 1629 Cr.
1587 1617 1617 1620 w
1639 1611 1662 1635 4.
1683 1604 1816 1635 opzinuit
1835 1604 1883 1631 A.;
1909 1603 2035 1627 obtinuit
2056 1603 2147 1631 Μυκη,

305 1642 425 1673 oprimit
446 1644 490 1668 Cr.
512 1657 520 1660 -
541 1642 638 1677 tunc11
659 1653 707 1669 om.
726 1646 803 1670 Mun.
824 1659 856 1662 —-
878 1650 900 1676 7.
921 1644 1008 1676 quod]
1028 1643 1078 1668 cosi
1098 1643 1184 1671 Mun,
1206 1644 1267 1671 Cr.;
1288 1650 1339 1673 que
1360 1644 1391 1667 A.
1413 1658 1444 1661 —
1465 1643 1489 1668 8.
1504 1645 1585 1669 Scala
1600 1647 1612 1669 ὲ
1628 1647 1653 1669 in
1674 1647 1759 1676 Mun„
1783 1647 1828 1671 Cr.
1849 1660 1881 1664 —
1901 1654 1925 1678 9.
1945 1645 2080 1670 Sablonie
2099 1645 2142 1674 A„

308 1683 400 1708 Mum:
413 1684 552 1709 Sablonae
568 1687 611 1711 Cr.
627 1701 659 1704 —
676 1694 716 1711 11.
730 1686 881 1719 praedicti]
903 1687 953 1711 cos}
975 1687 1066 1714 Mum
1087 1685 1242 1718 predictum
1264 1686 1296 1708 Α.
1318 1686 1371 1713 Cr„
1394 1699 1401 1703 —
1422 1687 1510 1718 quod]
1531 1687 1581 1711 cos}
1603 1688 1688 1718 Mun„
1708 1689 1767 1716 Cr.;
1788 1689 1836 1719 qui
1855 1687 1890 1711 Α.
1904 1701 1915 1706 -
1929 1687 2091 1711 Mallafesta
2106 1687 2147 1714 A..

306 1725 563 1754 Mun.;1x1allatesta
585 1729 645 1752 Cr.:
666 1729 834 1761 Malagresta
857 1731 889 1753 Im
909 1729 1069 1753 Piuscnmo
1083 1728 1105 1751 il
1116 1728 1193 1758 quale
1207 1734 1275 1758 agg.
1289 1728 1332 1750 che
1347 1736 1393 1751 era
1409 1729 1560 1760 vexillifero
1575 1731 1644 1753 dello
1660 1730 1801 1761 Scahjgero
1821 1743 1852 1746 —
1877 1737 1915 1761 14.
1935 1737 1997 1753 cum
2010 1737 2057 1753 om.
2074 1729 2118 1752 Cr.
2138 1741 2147 1745 -

306 1768 382 1798 ante!
404 1769 438 1792 ad
460 1769 500 1800 A„
522 1770 609 1800 MUR.,
632 1772 694 1800 Cr.,·
714 1780 755 1795 ma
775 1774 802 1796 la
822 1780 890 1796 corr.
910 1772 936 1795 ci
955 1775 1025 1802 pare
1044 1770 1169 1794 richiesta
1195 1770 1243 1792 dal
1266 1777 1338 1793 senso
1353 1771 1451 1799 perch&
1474 1772 1563 1803 Luigi
1577 1773 1653 1804 X'fu
1673 1776 1825 1796 consacrato
1845 1781 1861 1796 a
1882 1772 1975 1796 Reims
1995 1780 2008 1795 e
2026 1771 2100 1801 sposb
2120 1771 2149 1794 in

304 1814 412 1836 seconde
433 1822 510 1838 uozze
531 1816 670 1840 Clemeuza
696 1817 866 1848 d'UngIteria
892 1818 948 1840 alla
969 1815 1070 1847 vigilia
1096 1815 1168 1838 della
1195 1822 1301 1845 guerra
1328 1815 1397 1837 delle
1425 1815 1543 1839 Fiandre
1564 1829 1593 1832 —
1618 1823 1657 1847 15.
1678 1819 1842 1842 conseratus
1867 1824 1923 1840 non
1946 1816 2000 1840 fuit
2019 1817 2061 1843 A.,
2085 1816 2146 1842 Cn:

305 1860 494 1888 consequutus
521 1866 579 1883 non
607 1860 662 1884 fuit
689 1860 765 1884 th.
786 1874 818 1878 —
841 1860 880 1884 16.
900 1860 957 1890 vell
978 1860 1031 1884 cosi
1049 1867 1118 1883 corr.
1137 1858 1230 1885 MUR.;
1257 1865 1270 1881 e
1291 1858 1334 1886 A.‚
1356 1859 1401 1883 Cr.
1423 1872 1430 1875 -
1451 1859 1530 1890 haec]
1557 1861 1609 1884 hoc
1631 1861 1716 1888 Μαιη
1739 1862 1784 1886 Cr.
1806 1875 1813 1878 -
1835 1859 2074 1893 dispensacionis]
2095 1858 2146 1883 cosi

307 1909 375 1924 corr.
397 1903 457 1930 Cr.;
478 1904 713 1936 desponsacionis
726 1905 768 1932 A..
783 1905 859 1929 MUR.
882 1919 913 1921 —
937 1904 975 1928 18.
994 1902 1184 1936 Burgundiae]
1205 1902 1255 1926 cosi
1271 1910 1339 1926 corr.
1354 1903 1446 1927 Mum:
1461 1904 1617 1936 Bergondie
1633 1906 1674 1933 A,
1690 1906 1734 1930 Cr.
1750 1919 1760 1924 -
1776 1906 1911 1929 honorem
1926 1903 2018 1936 suurn]
2032 1904 2145 1927 fratrem

306 1952 384 1970 suum
404 1947 446 1973 A..
469 1948 530 1975 Cr.;
551 1948 664 1972 thorum
688 1950 765 1974 Men.
786 1962 818 1966 —
843 1957 881 1981 19.
901 1950 976 1973 inter
1001 1949 1033 1972 de
1053 1949 1132 1979 pecta
1151 1953 1185 1970 en
1206 1946 1332 1970 nundum
1358 1947 1403 1975 Α.;
1431 1949 1458 1971 la
1478 1957 1546 1972 corr.
1573 1950 1618 1973 dcl
1630 1953 1711 1980 passo
1732 1951 1744 1973 ὲ
1764 1959 1846 1981 sugg.
1872 1951 1907 1973 da
1927 1950 2004 1973 Mun.
2031 1957 2044 1972 e
2071 1948 2116 1972 Cr.
2136 1960 2146 1964 -

305 1992 444 2015 coronata
463 1992 504 2019 A„
526 1992 613 2019 Mun„
635 1994 698 2018 Cr..-
717 1994 740 2017 il
756 2002 828 2018 senso
849 1995 925 2018 vuole
945 1995 972 2017 la
991 1992 1140 2017 correzione
1155 1991 1247 2021 poich&
1268 1991 1280 2014 ὲ
1300 1992 1441 2023 mamsesto
1467 1994 1512 2016 che
1526 1994 1548 2017 il
1565 1994 1680 2018 cramisla
1694 1995 1790 2026 spiega
1804 1995 1842 2018 cib
1862 1995 1907 2017 che
1925 1995 1957 2017 Ιια
1977 1994 2048 2017 detto
2067 1996 2147 2022 sopra

303 2034 375 2058 della
395 2036 507 2060 tardata
527 2038 726 2062 consacrasione
746 2039 791 2062 del
808 2047 838 2062 re
858 2051 865 2055 -
886 2038 1020 2061 remensis
1040 2037 1132 2063 MUR.;
1153 2035 1307 2067 permensis
1329 2035 1371 2063 A„
1394 2037 1439 2061 Cr.
1455 2049 1487 2054 —-
1502 2043 1542 2061 20.
1557 2040 1583 2061 et
1603 2047 1651 2062 om.
1666 2039 1743 2063 Men.
1759 2052 1791 2055 —
1807 2045 1848 2062 zx.
1863 2035 2079 2070 Maghinardus]
2095 2036 2145 2060 cosi

306 2077 383 2102 MUR.
404 2088 418 2102 e
435 2080 493 2110 Mn.
513 2081 718 2113 Moghinardus
732 2083 774 2108 A..
789 2083 835 2107 Cr.

1253 2156 1369 2185 portata
1388 2162 1403 2178 a
1423 2154 1532 2180 Milano
1553 2155 1671 2180 assi-etto
1692 2157 1717 2180 la
1738 2156 1792 2180 fine
1806 2157 1850 2180 del
1865 2157 1956 2188 padre.
1994 2155 2150 2187 L'impresa

1253 2195 1285 2220 fu
1304 2197 1440 2220 condotta
1460 2197 1495 2221 da
1514 2197 1630 2222 stefano
1644 2198 1777 2223 Visconti
1793 2205 1840 2231 per
1855 2200 1940 2223 conto
1956 2198 1985 2222 di
2000 2205 2050 2221 suo
2063 2197 2149 2229 padre

1254 2238 1362 2262 Matteo
1393 2239 1412 2262 il
1443 2240 1533 2270 quale,
1563 2240 1681 2264 liberata
1711 2241 1737 2264 la
1762 2241 1923 2273 ghibellina
1949 2240 2077 2272 famiglia
2104 2239 2147 2262 dei

397 2151 480 2178 ¹Ne1
503 2156 610 2187 giugno
640 2156 704 2188 1316
731 2155 850 2180 Giberto
877 2157 910 2180 da
936 2155 1100 2188 Coi-reggio,
1127 2155 1198 2178 satta

309 2195 351 2219 far
371 2196 398 2220 la
418 2204 487 2228 pace
506 2199 549 2221 tra
571 2199 577 2221 i
601 2199 691 2222 nobili
712 2199 739 2223 di
762 2199 909 2224 Cremona.
936 2206 981 2222 era
1008 2200 1081 2222 stato
1105 2199 1199 2221 creato

307 2238 421 2268 signore
451 2239 478 2262 di
505 2240 598 2270 quella
618 2239 702 2267 cittii:
729 2248 742 2264 e
770 2241 789 2264 il
817 2241 962 2264 territorio
989 2246 1146 2263 cremonese
1171 2239 1199 2262 fu

307 2280 400 2304 subito
421 2281 538 2305 assalito
558 2282 592 2306 da
613 2280 690 2306 Cane
710 2290 723 2306 e
743 2284 777 2306 da
797 2283 946 2307 Passerino
972 2281 1019 2313 (cf.
1042 2282 1101 2306 Chr.
1131 2288 1199 2312 reg„

309 2322 337 2345 in
359 2323 423 2346 RR.
446 2324 485 2347 II.
507 2323 566 2351 SS„
586 2323 686 2352 XVIII,
706 2324 758 2356 29)-

394 2362 404 2378 ²
423 2364 451 2388 Si
474 2365 534 2388 noti
555 2368 652 2396 questa
672 2366 846 2390 distinzione
866 2365 974 2398 (literae
992 2373 1006 2389 e
1023 2363 1103 2396 nova)
1117 2364 1160 2388 fra
1174 2365 1200 2388 le

308 2405 382 2430 fonti
404 2407 447 2430 cui
476 2408 621 2438 attingeva
643 2407 662 2431 il
684 2409 824 2432 cronista:
844 2408 886 2431 fra
906 2408 1042 2432 relazioni
1070 2407 1166 2430 sci-itte
1186 2414 1200 2430 e

309 2448 510 2472 insormazioni
540 2449 650 2473 verbali
676 2451 806 2474 mandate
833 2450 877 2474 dal
905 2450 990 2481 luogo
1016 2449 1199 2473 dell’avveni·

308 2492 403 2514 mento
422 2497 471 2522 per
484 2498 579 2514 mezzo
594 2492 621 2515 di
637 2493 728 2521 messi,
743 2492 861 2516 corz-ieri
873 2500 890 2516 ο
913 2492 925 2504 “
937 2493 1033 2516 nuncii
1048 2510 1069 2521 ,η
1085 2498 1162 2515 come
1176 2492 1198 2514 si

307 2532 444 2555 dicevano
459 2532 550 2556 allora
570 2533 610 2564 gli
627 2535 804 2565 apportatori
818 2535 845 2558 di
863 2535 978 2561 notizie,
995 2533 1007 2546 “
1020 2541 1094 2557 nova
1105 2551 1128 2565 n·
1161 2533 1200 2556 La

247 2576 259 2592 2
307 2581 387 2605 presa
409 2575 436 2597 di
458 2574 545 2598 Pavia
566 2582 693 2599 avvenne
713 2575 749 2599 1'8
768 2577 882 2600 ottobre
905 2582 969 2609 1315
985 2576 1106 2600 secondo
1120 2573 1197 2599 Gur:-

307 2622 389 2646 mno,
413 2617 611 2647 Chnplacent„
631 2618 738 2645 Parma,
756 2617 829 2650 1859.
844 2626 870 2650 p.
884 2625 943 2650 397,
958 2620 1065 2642 mentre
1079 2618 1200 2641 secondo

307 2658 383 2686 altri,
393 2666 408 2682 e
418 2659 525 2683 sembra
537 2656 586 2690 pit:
597 2660 747 2689 probabile,
760 2660 790 2684 su
802 2661 828 2684 la
841 2663 920 2684 notte
931 2661 977 2684 dal
988 2659 1004 2683 6
1017 2660 1040 2683 a]
1055 2666 1068 2691 7
1078 2659 1199 2683 ottobre.

307 2698 360 2722 Fin
381 2699 425 2723 del
448 2705 513 2731 1312
534 2699 688 2732 Filippone
707 2704 792 2726 conte
806 2702 832 2726 di
855 2701 1002 2733 Langosco
1017 2704 1038 2725 si
1055 2708 1101 2725 era
1115 2702 1200 2732 impa-

307 2741 424 2766 dronito
445 2741 518 2766 della
538 2743 666 2774 signoria
685 2744 713 2768 di
735 2744 822 2768 Pavia
842 2744 994 2768 cacciando
1015 2743 1200 2767 iGhibellini

307 2783 340 2807 ed
354 2783 588 2815 imprigionando
608 2785 748 2809 Manfredi
764 2785 907 2810 Beccaria:
923 2793 937 2809 a
951 2785 1111 2818 Filippone,
1126 2785 1199 2808 fatto

307 2825 485 2856 prigioniero
505 2825 549 2849 nel
570 2832 636 2858 1313
656 2834 752 2859 presso
771 2827 916 2857 Piacenza,
936 2834 982 2851 era
1007 2826 1157 2850 succeduto
1178 2825 1198 2849 il

307 2867 386 2899 figlio
401 2868 586 2900 (variamente
600 2868 785 2893 denominato
799 2869 993 2897 Ricciardlno,
1008 2867 1199 2897 thrardino,

308 2909 537 2938 Aldrovanffino,
557 2910 630 2934 nelle
659 2910 746 2941 sonti)
770 2911 791 2934 il
812 2912 894 2941 quale
919 2911 1099 2935 nell'attacco
1125 2910 1199 2934 della

309 2950 377 2975 citt&
398 2951 484 2975 cadde
504 2952 704 2976 combattendo
724 2959 738 2976 e
757 2952 784 2976 la
812 2953 921 2978 notizia
941 2952 1016 2977 della
1043 2960 1090 2976 sua
1111 2954 1200 2976 morte

1254 2280 1393 2309 Beccaria,
1413 2280 1496 2306 affido
1517 2283 1550 2306 ad
1570 2289 1629 2306 essa
1651 2283 1670 2306 il
1690 2290 1817 2315 governo
1838 2283 1910 2306 della
1931 2281 2007 2306 cittii.

1341 2321 1352 2337 ³
1365 2323 1453 2354 Sopra
1469 2325 1536 2347 tutti
1553 2326 1642 2355 questi
1660 2325 1723 2349 fatti
1740 2332 1810 2348 sono
1824 2325 1858 2348 da
1871 2325 1968 2348 vedere
1983 2324 2148 2354 Chr.parm.,

1254 2364 1296 2388 ed.
1317 2365 1451 2392 Bonazzi,
1471 2374 1495 2397 p.
1526 2373 1582 2398 144,
1609 2367 1637 2390 ll.
1667 2373 1765 2398 43·44·,
1794 2367 1855 2390 Chr.
1884 2374 1952 2397 reg„
1975 2367 2005 2389 in
2026 2366 2091 2389 RR.
2110 2364 2148 2389 Il.

1256 2406 1428 2435 SS.,XV1n‚
1443 2406 1491 2437 28‚-
1518 2408 1666 2435 MussATo,
1686 2407 1746 2435 VH,
1769 2414 1808 2440 19.
1829 2408 1880 2436 ivi,
1900 2407 1933 2436 X,
1954 2405 2060 2439 674-76.

1342 2447 1353 2462 ⁴
1374 2448 1457 2480 Luigi
1487 2449 1519 2475 X.
1547 2450 1697 2474 succeduto
1722 2449 1749 2473 al
1770 2449 1855 2481 padre
1882 2449 1999 2481 Filippo
2020 2448 2040 2473 il
2069 2448 2148 2472 Bello

1255 2490 1299 2514 nel
1323 2497 1397 2521 1314,
1427 2492 1596 2516 incoronato
1623 2499 1651 2515 re
1670 2492 1698 2515 di
1724 2491 1843 2515 Francia
1865 2491 1884 2514 il
1911 2498 1926 2523 3
1947 2491 2045 2522 agosto
2074 2497 2148 2522 1315.

1255 2533 1358 2556 marito
1373 2533 1447 2556 della
1464 2532 1477 2545 “
1488 2533 1563 2557 bella
1577 2533 1728 2557 Clemenza
1739 2552 1752 2564 n
1768 2532 1815 2564 (cf.
1830 2533 1945 2560 ΒΑΝ-ΓΕ,
1960 2533 2037 2559 Par..
2051 2532 2098 2560 IX,
2115 2532 2146 2562 1),

1254 2574 1332 2606 figlia
1346 2576 1373 2599 di
1390 2575 1475 2599 Carlo
1488 2575 1631 2605 Martello,
1652 2574 1781 2599 dichiaro
1801 2575 1828 2599 la
1841 2583 1939 2606 guerra
1954 2576 1978 2598 ai
1994 2574 2145 2598 Fiammin-

1254 2617 1301 2647 ghi
1328 2617 1422 2640 subito
1443 2618 1517 2649 dopo
1536 2618 1564 2641 la
1583 2625 1632 2641 sua
1654 2618 1874 2641 incoronazione
1891 2616 1937 2648 (cs.
1957 2615 1991 2640 G.
2012 2615 2146 2645 VrLLAm.

1256 2660 1310 2683 Cr..
1325 2658 1371 2686 IX,
1385 2658 1438 2691 69).

1342 2699 1352 2715 ⁵
1373 2701 1545 2732 Margherita
1559 2701 1636 2733 figlia
1650 2702 1677 2725 di
1694 2701 1819 2725 Roberto
1832 2701 1858 2725 11
1872 2701 1941 2724 duca
1952 2700 1980 2724 di
1996 2700 2147 2732 Borgogna

1254 2749 1340 2766 aveva
1361 2744 1476 2775 sposato
1496 2743 1579 2775 Luigi
1593 2743 1672 2767 Xnel
1695 2747 1758 2774 ¹305
1771 2750 1784 2766 e
1804 2743 1834 2766 su
1848 2744 1942 2766 uccisa
1961 2750 1976 2766 a
1999 2741 2138 2766 Chateau-

1254 2782 1384 2807 Gaillard
1406 2784 1448 2808 nel
1471 2790 1535 2816 1315
1556 2785 1639 2816 pochi
1661 2786 1728 2808 mesi
1749 2785 1840 2816 prima
1855 2784 1924 2808 delle
1944 2791 2028 2808 nozze
2048 2784 2077 2808 di.
2099 2783 2139 2808 lui

1254 2832 1308 2849 con
1329 2825 1480 2851 Clemenza.

1343 2866 1353 2879 ⁶
1371 2870 1564 2893 Arcivescovo
1590 2869 1618 2893 di
1646 2868 1741 2892 Reims
1767 2876 1812 2892 era
1835 2868 1924 2893 allora
1955 2867 2080 2893 Roberto
2113 2868 2146 2892 de

1254 2909 1410 2934 Courtenai
1429 2911 1606 2943 (1299-1324;
1626 2909 1722 2939 GAMs,
1741 2909 1811 2942 609).

2177 797 2215 827 10

2179 1061 2215 1091 15

2175 1325 2216 1355 20

2177 2161 2208 2186 35

2176 2371 2210 2395 40

2175 2580 2206 2606 45

2175 2792 2209 2817 50
