2318 3603
296 1564 307 1586 5

346 228 413 270 ‘192
800 234 1137 270 FRAGMENTA
1165 228 1296 268 Mem.
1330 232 1441 268 POT.
1472 233 1718 268 MUTINAE
2008 235 2172 269 1A‚124s.

341 366 413 389 [uus
437 358 633 398 praedictus
657 357 814 388 dominus
839 356 1050 388 Bernartius:
1076 366 1137 396 pro
1162 366 1229 398 quo
1254 356 1392 386 fuerunt
1411 355 1598 396 decapitati
1615 354 1803 396 jacopinus
1826 353 1870 384 de
1893 353 2041 395 Paganis
2056 359 2091 385 et
2107 360 2174 386 tres

337 411 397 442 alii
422 410 547 441 milites
571 410 612 440 de
638 409 787 440 banditis
812 408 966 440 Parmae.
992 408 1075 439 Item
1105 409 1228 439 eodem
1253 414 1406 447 tempore
1432 407 1666 438 Bononienses
1690 406 1824 437 iverunt
1847 406 1891 438 ad
1916 412 2063 438 castrum
2087 406 2176 437 Pan-

339 463 415 504 caui
440 463 670 503 Episcopatus
697 461 850 493 Mutinae
875 468 910 493 et
934 471 1009 492 eum
1037 471 1099 502 per
1123 461 1189 491 vim
1216 465 1386 501 ceperunt
1410 466 1444 490 et
1470 465 1589 500 postea
1607 460 1743 490 iverunt
1759 458 1793 488 in
1812 458 2076 491 Romandiolam
2093 469 2169 490 cum

341 515 480 547 domino
504 515 695 546 Octaviano
721 514 860 557 [legato]
884 514 1065 545 Ecclesiae
1091 519 1125 544 et
1148 513 1195 544 ibi
1221 519 1387 544 steterunt
1412 523 1473 554 per
1497 513 1583 545 duos
1607 521 1741 543 menses
1764 511 1818 542 vel
1844 511 1939 543 circa
1965 517 1999 542 et
2032 521 2106 542 eam
2130 512 2174 543 ad

336 568 547 600 voluntatem
571 568 751 600 Ecclesiae
778 567 977 598 habuerunt.
1003 567 1087 597 Item
1115 567 1171 597 die
1196 565 1370 597 dominico
1395 564 1457 606 iiij.‘
1478 570 1624 596 exeunte
1649 563 1852 606 septembris
1867 563 2044 595 redierunt
2059 563 2172 595 Bono—

337 622 472 653 nienses
495 622 529 652 in
554 621 708 652 exercitu
728 630 802 652 cum
822 626 920 661 parte
945 619 1141 661 Aygonum‚
1167 629 1255 660 quae
1280 624 1353 649 erat
1376 617 1518 658 expulsa
1540 618 1582 649 de
1607 617 1746 649 civitate
1772 617 1926 648 Mutinae
1943 627 2005 658 per
2023 617 2171 658 Impera-

335 681 456 711 torem,
482 672 699 705 ad²castrum
724 672 942 704 Nonantulae
967 678 1001 703 et
1025 672 1068 702 ibi
1093 677 1261 702 steterunt
1286 680 1349 711 per
1372 670 1416 712 vj.
1443 670 1527 707 dies,
1552 671 1643 702 unde
1670 670 1822 700 homines
1839 669 1921 700 dicti
1940 669 2042 700 castri
2057 669 2174 700 reddi-

341 727 463 758 derunt
487 727 595 768 ipsum
621 732 767 758 castrum
792 726 879 766 parti
905 726 1067 765 expulsae
1100 724 1156 754 die
1188 723 1274 754 iovis
1305 722 1416 764 primo
1449 722 1610 759 octobris,
1635 729 1668 753 et
1693 728 1811 763 postea
1835 727 2001 763 ceperunt
2026 726 2171 753 castrum

340 779 458 811 Sancti
484 779 613 811 Cesarii
639 784 672 810 et
696 789 771 810 eum
799 778 1058 810 combuxerunt.
1085 777 1169 807 Item
1195 776 1288 806 dicto
1314 782 1467 815 tempore
1486 775 1641 806 dominus
1658 775 1735 806 Rex
1753 784 1829 805 cum
1848 774 1994 816 Reginis
2011 779 2044 805 et
2060 772 2174 804 multis

339 834 381 864 de
406 831 655 864 Mutinensibus
687 832 747 862 ivit
770 832 802 861 iu
829 831 1009 862 obsidione
1047 829 1149 861 castri
1174 829 1217 859 de
1242 827 1441 859 Cui-viatico
1477 827 1656 858 districtus
1690 827 1834 858 Parmae
1858 833 1891 858 et
1916 826 1963 857 ibi
1989 825 2081 858 stetit
2111 835 2174 867 per

334 885 380 927 iij.
407 885 490 920 dies,
516 885 578 916 sed
603 894 679 915 eum
703 893 771 915 non
798 883 927 920 habuit,
952 884 1019 913 imo
1044 882 1134 924 fugit
1158 891 1234 912 cum
1259 887 1328 911 tota
1353 886 1455 922 gente
1481 890 1541 911 sua
1565 889 1671 922 usque
1695 879 1739 910 ad
1764 879 1936 910 civitatem
1964 878 2087 921 Regii3
2119 879 2176 922 qui

335 938 414 969 Rex
437 938 548 969 iverat
571 937 615 968 ad
641 936 899 969 Guardasonem
918 936 938 973 ¹,
963 946 1064 976 quem
1091 934 1294 965 Parmenses
1318 933 1426 974 partis
1450 932 1578 964 domini
1603 931 1772 963 Bernardi
1804 931 1919 963 Rubei
1952 936 2118 972 ceperant
2141 931 2174 962 in

337 990 515 1032 presencia
540 989 669 1021 domini
692 989 802 1032 Regis
825 988 940 1031 ipsius
978 994 1011 1019 et
1047 997 1088 1018 eo
1126 993 1228 1027 capto
1263 992 1343 1016 tunc
1379 985 1492 1016 dictus
1530 984 1604 1016 Rex
1639 984 1702 1015 ivit
1726 984 1770 1015 ad
1795 983 2022 1015 obsidendum
2048 983 2175 1016 dictum

336 1043 582 1081 Curviaticurn,
605 1043 696 1074 unde
723 1042 890 1085 confugit,
916 1046 950 1071 ut
975 1039 1103 1071 dictum
1142 1045 1203 1076 est,
1227 1037 1431 1070 dimittendo
1456 1037 1504 1068 ibi
1528 1037 1660 1073 tendas,
1685 1036 1876 1077 paviliones
1899 1043 1933 1067 et
1956 1036 2176 1079 albergarias,

337 1098 460 1128 timore
482 1095 618 1127 illorum
643 1095 890 1126 Parmensium.

424 1148 478 1166 Ἀ*
502 1148 603 1180 Dicto
627 1148 805 1180 millesimo
829 1146 1044 1178 Mutinenses
1069 1145 1220 1177 conflicti
1245 1144 1386 1175 inerunt
1410 1149 1443 1175 et
1466 1142 1592 1174 milites
1617 1142 1660 1174 de
1684 1142 1852 1173 Cremona
1882 1148 1915 1172 et
1946 1141 2024 1173 Rex
2049 1142 2176 1184 Encius

335 1209 454 1244 captus
477 1212 497 1233 a
522 1200 792 1233 Bononiensibus
817 1205 850 1232 et
873 1199 921 1231 ibi
945 1200 981 1229 in
1005 1198 1152 1230 Domino
1177 1196 1372 1240 requiescit.

427 1255 501 1287 Deo
525 1254 661 1297 gracias
686 1264 796 1290 amen,
820 1252 930 1284 finis?

426 1393 449 1409 2,
472 1388 608 1409 venerunt
628 1386 703 1408 ML‘R.
726 1398 757 1402 ——
774 1391 825 1414 2-3.
846 1383 971 1407 Panzaui
986 1383 1023 1408 A:
1038 1383 1137 1405 anaui
1161 1382 1247 1405 MUR..
1263 1390 1303 1403 ma
1324 1380 1447 1403 Bammo
1469 1383 1597 1403 crustata
1617 1379 1777 1410 conquistnso
1797 1379 1851 1401 sim)
1871 1378 2004 1408 dal1247,
2026 1386 2038 1400 e
2052 1386 2094 1408 qm
2109 1381 2177 1401 trat-

340 1429 393 1452 ιαμ-ι’
412 1429 441 1451 di
460 1429 592 1454 Famam,
615 1428 816 1460 iuseriurmculr
836 1435 850 1448 ιι
874 1426 1067 1457 Casfcffli'mzro.
1095 1425 1181 1447 allora
1208 1426 1399 1452 asparicmwtc
1426 1423 1455 1445 al
1479 1421 1616 1444 [rm-ilario
1643 1421 1672 1444 di
1696 1421 1810 1443 illodena
1831 1419 1954 1451 (TIRA8.‚
1973 1419 2042 1449 Dic„
2064 1418 2096 1447 Π,
2118 1423 2178 1451 179)

339 1484 368 1487 -
390 1478 413 1502 3.
437 1470 505 1494 illud
526 1469 604 1492 Mun⁴
627 1483 656 1485 ν-
678 1477 701 1499 4.
723 1470 815 1500 legato
837 1476 903 1499 agga
926 1467 1001 1490 MUR.
1022 1480 1053 1484 —
1074 1465 1098 1489 6.
1120 1472 1272 1496 aragonum
1293 1464 1316 1487 A
1338 1477 1370 1481 —
1397 1463 1446 1493 (2-7.
1474 1471 1490 1494 p
1518 1463 1651 1490 ‹coll'asta
1678 1460 1808 1493 tugliata)
1833 1462 2003 1493 imperatore
2029 1461 2051 1483 A
2071 1473 2103 1477 —
2125 1459 2178 1491 7-8.

338 1513 423 1536 retlid.
450 1513 472 1535 A
500 1525 531 1529 —
551 1519 574 1540 o.
597 1512 668 1535 illud
690 1511 766 1535 MUR.
842 1516 881 1533 10.
901 1510 934 1533 de
955 1508 1093 1532 curiatico
1113 1508 1152 1532 A:
1175 1506 1340 1530 Cuvrintico
1361 1505 1438 1529 Mun.
1460 1518 1492 1522 —
1516 1512 1555 1528 11.
1577 1505 1645 1528 illud
1667 1504 1744 1528 Mm.
1766 1517 1796 1520 —
1820 1509 1860 1528 12.
1881 1510 1962 1534 quam
1982 1503 2004 1526 Α
2026 1516 2036 1520 -
2055 1502 2088 1526 de
2101 1504 2179 1535 parte

338 1555 416 1580 MUR.
431 1568 462 1572 ·—
487 1562 525 1587 13.
545 1554 696 1587 prouincia
716 1554 753 1579 A:
774 1552 932 1584 praesentia
946 1552 1022 1575 MUR.
1045 1564 1077 1568 -
1100 1557 1138 1580 14.
1159 1549 1347 1573 croniaticum
1371 1549 1408 1576 A;
1431 1547 1628 1571 Cuvriatieum
1651 1547 1729 1570 MUR.
1743 1559 1753 1564 -
1768 1546 1926 1569 dimitendo
1939 1545 1962 1569 A
1976 1558 2007 1562 ——
2025 1544 2063 1569 16.
2077 1544 2181 1568 Encius

337 1597 376 1626 Ag
396 1597 515 1620 Henetus
537 1597 614 1620 Mun.
635 1610 666 1613 —
691 1603 727 1628 17.
749 1595 881 1626 requiesit·
902 1595 924 1617 Α

429 1693 434 1708 ¹
453 1692 644 1717 Guardasone,
660 1692 703 1715 nel
718 1698 836 1715 comune
849 1690 956 1714 attuale
976 1690 1002 1713 di
1025 1688 1231 1712 'sraversetolm
1288 1688 1344 1710 tori
1366 1687 1536 1718 interpolata
1566 1685 1640 1708 nella
1667 1691 1788 1707 cronaca
1815 1684 1858 1707 (iel
1884 1684 2020 1713 nazzano,
2045 1682 2099 1706 col.
2120 1681 2180 1714 563,

426 1734 437 1751 ²
454 1734 541 1758 Tutta
561 1735 658 1765 questa
680 1733 848 1756 narrazione
868 1733 910 1755 del
935 1731 1000 1763 ¹248
1024 1732 1051 1754 su
1072 1731 1115 1754 del
1138 1729 1230 1752 Mura-
1287 1728 1360 1752 A-D.

2203 826 2239 857 10

2201 1091 2238 1135 15

2213 1730 2242 1746 10
