2370 3603
64 824 106 854 lo·

60 1788 91 1805 10

127 235 178 269 [A.
200 236 292 269 1³47]
740 228 1001 266 IOHANNIS
1031 230 1100 264 DE
1128 229 1348 265 BAZANO

133 303 1955 310 ..........................................................................................................................................................................................................

126 350 236 388 armis,
259 351 354 391 equis
386 358 417 382 et
448 351 522 383 aliis
545 351 708 383 exercitui
732 351 932 382 necessariis
956 361 1159 392 praeparare
1183 352 1228 383 ad
1252 351 1527 392 pessundandam
1560 351 1765 393 [superbiam
1789 358 1824 384 et
1850 352 1954 382 tiran-

127 402 240 434 nidem
264 413 552 445 quorumcumque
575 403 776 443 rebellium‘l,
801 412 861 434 eos
884 403 1098 435 Mutinenses
1121 403 1362 435 nichilominus
1391 404 1602 436 exhortando
1631 405 1723 446 quod
1748 404 1796 436 eis
1820 405 1955 446 placeat

126 455 258 487 mittere
275 456 420 487 Romam
439 457 493 488 die
509 455 588 487 festi
613 455 720 487 sancti
738 455 830 486 Petri
855 456 898 487 ad
924 456 1071 493 vincula,
1095 456 1152 488 die
1176 456 1288 497 primo
1317 457 1449 498 augusti
1467 463 1621 493 venturo,
1647 457 1731 488 duos
1747 457 1896 488 sindicos
1921 462 1954 487 et

127 507 375 540 ambaxiatores
399 509 442 541 de
466 509 600 540 Mutina
624 509 668 540 ad
693 508 872 539 consilium
899 515 931 540 et
955 508 1227 550 p[ar]lamentum
1257 509 1349 550 quod
1374 508 1408 539 in
1434 508 1494 540 illo
1519 509 1575 541 die
1599 510 1633 540 in
1658 519 1799 541 romana
1822 509 1954 551 synodo

125 560 239 591 facere
263 561 473 599 intendebat,
491 561 534 592 ad
551 561 690 592 salutem
707 560 807 592 totius
825 561 944 593 Italiae
962 560 1222 598 celebrandum3
1240 561 1277 592 in
1294 555 1359 592 fine
1378 562 1542 602 epistolae
1558 561 1608 593 sic
1627 561 1780 593 dicebat:
1804 565 1817 578 ⁴⁶
1832 563 1955 593 Datum

131 614 144 628 “
158 613 189 643 in
217 612 386 654 Capitolio
412 613 516 645 Urbis
540 613 620 653 [die]
638 613 679 654 vij
698 613 845 654 [mensis]
863 613 957 651 iunii,
976 613 1031 644 ubi
1050 620 1213 655 regnante
1231 613 1369 645 iusticia
1384 619 1479 645 recto
1497 615 1601 646 corde
1619 615 1773 656 vigemus
1788 638 1815 652 „.
1855 614 1955 646 Dicto

125 672 276 707 tempore
302 673 446 698 castrum
474 666 601 697 Finalis
626 667 799 697 districtus
814 666 967 698 Mutinae
993 672 1025 697 et
1050 672 1195 698 castrum
1222 666 1472 709 Casalcicogni‚
1497 667 1638 699 fortuito
1664 678 1756 704 casu,
1779 668 1859 710 igne
1875 677 1954 708 pro-

124 718 201 758 prio
219 717 484 750 cremaverunt¹.
517 717 635 749 'Dicto
652 728 740 749 anno
758 719 823 749 fuit
845 729 970 760 magna
993 718 1180 749 mortalitas
1193 718 1203 734 ²
1219 728 1440 759 personarum
1464 719 1612 750 maxime
1628 719 1659 750 in
1680 719 1818 750 civitate
1842 719 1954 750 Bono-

125 771 202 802 niae
228 777 261 802 et
285 771 419 811 [mortui
445 771 534 810 sunt}
558 771 600 801 de
617 771 801 802 maioribus
825 777 859 802 et
882 771 1080 802 melioribus
1103 772 1258 812 personis
1282 771 1387 812 ipsius
1412 771 1561 803 civitatis
1588 773 1675 803 ultra
1709 772 1829 803 decem
1862 771 1955 802 milia

125 834 344 864 personarum
363 830 396 855 et
413 824 547 855 duravit
572 824 664 854 dicta
680 824 866 855 mortalitas
883 835 903 855 a
920 834 1034 856 mense
1052 824 1131 855 maii
1147 835 1254 866 usque
1270 825 1316 856 ad
1332 834 1479 855 mensem
1496 825 1713 865 septembris;
1743 830 1777 856 et
1801 824 1955 856 similiter

126 876 189 908 fuit
213 877 307 908 dicta
330 876 515 908 mortalitas
539 877 572 906 in
601 876 737 907 civitate
765 876 965 914 Mediolani,
990 876 1127 907 Brixiae
1152 883 1185 908 et
1209 876 1418 908 Florentiae.
1466 877 1567 908 Dicto
1593 882 1746 918 tempore
1771 878 1813 908 de
1838 887 1953 908 mense

123 930 193 962 iulii
217 930 435 962 transmissae
460 930 599 961 fuerunt
622 930 742 961 literae
766 929 809 960 ab
827 929 921 961 Urbe
939 930 982 961 ad
999 930 1172 961 dominum
1198 930 1344 961 civitatis
1366 929 1564 962 Bononiae³
1588 941 1650 971 per
1674 931 1855 972 quemdam
1880 931 1954 961 eius

123 983 281 1014 nuncium
307 983 342 1014 in
367 982 461 1014 Urbe
474 982 496 1019 ⁴,
523 989 555 1013 et
579 993 640 1023 per
664 983 837 1013 dominum
864 983 1049 1014 Iohannem
1078 983 1121 1014 de
1144 982 1294 1024 Pepolis‚
1319 983 1488 1019 Mutinae:
1507 983 1540 1013 in
1567 983 1688 1025 quibus
1705 983 1795 1015 inter
1820 988 1955 1014 caetera

123 1035 376 1067 continebatur:
408 1037 421 1051 “
436 1035 493 1066 die
517 1035 626 1066 sabati
649 1035 742 1078 xviiij
769 1035 845 1066 maii
872 1034 909 1064 in
933 1035 1047 1077 vigilia
1070 1035 1321 1066 Penthecosten
1348 1035 1511 1066 Nicolaus
1528 1037 1674 1067 condam
1699 1036 1877 1067 Laurentii
1901 1045 1954 1066 se-

128 1090 141 1104 “
155 1099 256 1119 verus
279 1094 313 1119 et
336 1088 496 1125 clemens,
521 1088 617 1129 pacis
642 1088 863 1130 iusticiaeque
888 1088 1041 1119 tribunus
1065 1094 1098 1118 et
1121 1098 1241 1119 sacrae
1265 1088 1423 1119 Romane
1440 1088 1670 1130 Reipublicae
1696 1089 1858 1120 liberator
1880 1088 1955 1119 illu-

128 1142 141 1156 “
155 1140 233 1172 stris
247 1164 260 1179 ‚‚
278 1139 343 1177 ***;
362 1141 501 1182 insuper
518 1141 643 1172 dicitur
665 1142 678 1157 ‘⁴
692 1141 785 1182 quod
801 1141 948 1172 intendit
963 1140 1028 1171 sibi
1045 1146 1176 1171 mutare
1190 1150 1313 1171 nomen
1328 1164 1342 1178 „
1361 1139 1382 1171 ⁵.
1406 1140 1509 1171 Dicto
1525 1141 1707 1172 millesimo
1725 1141 1780 1172 die
1793 1140 1954 1172 mercurii

122 1193 233 1234 primo
257 1194 382 1225 mensis
406 1193 539 1235 augusti
565 1194 725 1224 dominus
748 1193 914 1224 Nicolaus
938 1192 1092 1224 tribunus
1116 1192 1220 1224 Urbis
1244 1193 1310 1224 fuit
1332 1203 1395 1234 per
1418 1193 1570 1224 sindicos
1593 1193 1697 1224 Urbis
1721 1194 1765 1224 ad
1788 1194 1852 1225 hoc
1877 1203 1954 1234 spe-

121 1246 255 1278 cialiter
279 1246 481 1278 constitutos
505 1246 641 1277 militari
659 1246 796 1288 cingulo
815 1247 996 1278 decoratus
1020 1256 1097 1277 cum
1115 1246 1204 1277 festo
1222 1256 1346 1288 magno
1364 1250 1397 1277 et
1414 1246 1629 1278 solemnitate
1660 1246 1817 1283 mirabili,
1834 1246 1869 1276 in
1886 1257 1954 1288 quo

214 1393 235 1410 1.
249 1386 276 1408 et
285 1384 349 1409 aliis
362 1392 432 1409 corr.
446 1385 531 1413 Mun„
544 1386 605 1413 C›¹.3
617 1385 692 1409 taliis
702 1384 733 1407 A.
747 1396 759 1401 -
772 1383 950 1416 praeparare]
965 1383 1140 1415 preparando
1149 1383 1190 1411 A..
1206 1385 1265 1412 Cr.;
1280 1385 1478 1415 praepararent
1489 1383 1567 1407 Μυκ.
1576 1397 1585 1401 -
1594 1383 1628 1408 ad
1642 1385 1746 1415 pestem
1760 1384 1951 1417 pesimandam

122 1428 163 1458 Α.,
178 1429 237 1454 Cn:
257 1429 292 1452 ad
312 1431 414 1460 pestem
435 1429 620 1460 perimendam
642 1428 718 1452 Μυκ.
734 1442 763 1445 —
780 1433 833 1451 1-2.
846 1427 1001 1459 superbiam
1012 1444 1017 1449 .
1027 1443 1048 1450 ..
1058 1444 1063 1449 .
1085 1425 1228 1450 rebellium
1242 1434 1291 1450 non
1306 1425 1319 1448 ἦ
1331 1427 1358 1449 ln
1370 1428 1413 1457 Α.,
1427 1427 1513 1456 Mun.¹
1529 1428 1589 1457 (ἵης
1608 1431 1676 1452 tutto
1688 1428 1799 1459 iipasso
1813 1436 1826 1449 ε
1839 1430 1953 1451 corretto

121 1473 157 1496 ed
170 1473 309 1504 integrato
320 1481 365 1497 con
384 1473 477 1496 l'aiuto
496 1472 526 1495 cli
540 1473 599 1499 BP..
613 1473 657 1496 clm
670 1472 702 1495 ka
730 1471 786 1496 Nec
801 1478 857 1495 non
867 1489 872 1495 .
881 1488 888 1495 .
899 1488 916 1494 ..
931 1471 965 1495 ad
977 1470 1200 1502 pessundandarn
1213 1471 1372 1502 superbiam
1387 1472 1413 1495 et
1426 1472 1603 1504 tyrannidem
1618 1478 1853 1502 quorumcumque
1867 1471 1955 1495 rebel-

122 1517 191 1540 lium
201 1534 206 1539 .
216 1533 222 1539 .
232 1534 237 1540 .
247 1535 254 1542 .
268 1517 376 1550 placeat
388 1517 546 1542 sollecitare
557 1517 686 1549 populum
700 1517 728 1539 et
741 1523 860 1540 comune
870 1515 902 1539 ed
914 1515 1119 1548 preparandum
1130 1522 1159 1538 se
1170 1515 1263 1543 ari-nis,
1277 1517 1354 1546 equis
1367 1517 1395 1539 et
1406 1517 1506 1540 ceteris
1520 1515 1690 1548 opportunis
1699 1515 1734 1539 ad
1741 1516 1908 1540 exercitum.
1917 1532 1923 1538 .
1933 1532 1938 1538 .
1948 1533 1954 1539 .

120 1562 151 1584 ut
163 1561 292 1593 superbia
310 1563 336 1584 et
355 1561 520 1592 tyrannides
539 1560 749 1584 confundantur
763 1574 794 1577 —
811 1567 834 1584 z.
847 1560 923 1591 quod
935 1566 1005 1584 corr.
1025 1558 1117 1589 Mun-3
1131 1561 1266 1590 quantum
1284 1560 1326 1585 A..
1349 1561 1393 1584 Cr.
1415 1574 1446 1577 —
1467 1567 1489 1591 4.
1509 1559 1671 1591 consilium]
1685 1560 1737 1584 cosz’
1749 1560 1792 1588 Α.,
1806 1560 1874 1588 BP*
1887 1567 1952 1584 con-

121 1605 215 1630 cilium
234 1606 320 1634 Μυκ.,
342 1606 386 1631 Cr.
407 1618 418 1623 -
440 1606 643 1638 parlamentum
662 1612 732 1630 corr.
752 1604 837 1633 Μυκ.,
860 1605 904 1628 Cr.
926 1617 955 1621 w
978 1609 1001 1633 5.
1020 1603 1109 1628 facere
1128 1603 1290 1628 intendebat
1309 1604 1402 1628 facere
1421 1605 1456 1628 ad
1474 1605 1507 1628 A.
1528 1618 1538 1622 -
1558 1605 1599 1629 sic
1618 1613 1667 1629 om.
1688 1605 1775 1634 Mun„
1791 1605 1836 1628 Cr.
1851 1617 1883 1622 —
1897 1603 1953 1634 5-6.

122 1650 236 1674 Datum.
305 1649 440 1681 vigemus]
460 1657 594 1681 correggo
606 1650 713 1673 secondo
732 1650 759 1672 la
771 1649 893 1681 formala
913 1648 1091 1671 didatum'one
1109 1647 1155 1672 che
1168 1648 1236 1671 siha
1253 1647 1283 1672 in
1305 1649 1373 1678 BP.;
1392 1650 1453 1672 toto
1473 1649 1557 1672 corde
1577 1655 1727 1679 regnamus
1746 1649 1787 1678 A.,
1800 1648 1887 1676 Μυκη
1909 1649 1951 1673 Cr.

123 1707 153 1709 —
171 1699 196 1723 9.
217 1695 322 1718 mortui
335 1695 402 1717 sunt
421 1702 489 1725 agg.
507 1693 593 1723 Μυκ.,
624 1695 669 1718 Cr.
690 1707 722 1710 —
745 1700 784 1717 12.
807 1692 879 1724 iulii]
899 1692 972 1716 iunii
992 1692 1033 1720 Α.,
1055 1692 1141 1721 Μυκ.,
1158 1692 1220 1722 Cr.‚·
1236 1693 1328 1723 poich>
1342 1697 1503 1717 cer-tumente
1515 1694 1543 1717 la
1557 1695 1656 1717 lettera
1669 1693 1796 1717 mandata
1809 1693 1952 1722 atPepoli,

120 1738 150 1761 di
159 1738 201 1762 cui
210 1738 234 1761 si
240 1738 326 1768 parla
337 1738 384 1768 qui
393 1741 467 1767 sotto,
474 1738 511 1770 fn
526 1741 578 1768 per
593 1737 728 1762 Gt'ovanm'
745 1737 775 1760 di
787 1738 912 1761 Bazzemo
925 1737 952 1760 Ia
958 1736 1038 1769 sonte
1057 1736 1087 1759 di
1102 1739 1171 1760 tutte
1183 1737 1208 1760 Ie
1218 1744 1263 1760 sne
1276 1738 1372 1761 notizie
1390 1746 1420 1762 su
1440 1738 1514 1765 Cola,
1534 1738 1598 1761 deve
1616 1737 1793 1769 correggersi
1808 1737 1832 1760 il
1842 1737 1914 1760 iunii
1928 1737 1954 1760 in

122 1781 182 1805 iulii
201 1789 215 1805 o
228 1782 339 1813 augusti
353 1795 384 1798 —-
403 1788 490 1814 ¹²·13·
504 1782 651 1806 Bononiae
665 1789 713 1814 per
726 1780 870 1804 dominum
883 1780 1034 1804 Iovannem
1048 1780 1081 1804 de
1095 1781 1209 1812 Pepolis
1223 1788 1272 1813 per
1285 1781 1424 1813 quendam
1439 1782 1496 1806 eius
1510 1782 1644 1806 vicarium
1659 1782 1688 1805 in
1702 1781 1769 1805 urbe
1783 1781 1909 1805 Mutinae
1923 1781 1952 1804 in

119 1825 231 1857 quibus]
251 1824 302 1849 cos)
320 1826 344 1849 si
359 1827 441 1858 legge
459 1825 486 1849 in
505 1826 547 1855 Α.,
568 1826 612 1850 clze
629 1826 707 1850 Μυκ.
726 1833 740 1847 e
760 1825 804 1849 Cr.
824 1824 996 1855 rt'producono
1015 1824 1206 1856 aggs'ungendo
1219 1824 1288 1856 perh
1308 1834 1341 1849 nn
1359 1827 1388 1849 et
1406 1826 1516 1850 davantz
1536 1834 1552 1849 a
1571 1832 1618 1857 per
1636 1825 1789 1855 quendam:
1809 1826 1838 1848 la
1856 1825 1955 1848 lexiom·

117 1869 146 1892 di
162 1869 195 1894 A.
209 1868 278 1901 perh
296 1877 346 1893 non
365 1870 400 1894 ιίὰ
418 1877 500 1895 senso.
538 1870 622 1894 Credo
640 1870 684 1894 che
701 1871 725 1894 il
735 1869 850 1893 cronista
863 1868 937 1892 abbia
950 1868 1041 1892 voluto
1054 1868 1114 1891 dt're
1126 1868 1170 1892 che
1182 1870 1210 1892 la
1223 1869 1320 1894 lettera
1333 1877 1442 1894 romana
1451 1870 1549 1902 giunsc
1562 1871 1593 1894 al
1602 1871 1711 1901 signore
1724 1870 1754 1893 cli
1763 1871 1889 1901 Bologna
1903 1870 1956 1899 (che

83 1916 89 1918 ⁷
121 1921 168 1937 era
187 1921 285 1938 ancora
305 1913 422 1944 Taddeo)
436 1914 608 1945 mandatagll
626 1914 661 1937 da
676 1915 760 1938 Roma
776 1916 825 1943 per
837 1921 871 1936 nn
882 1919 928 1936 suo
941 1920 1020 1936 messa
1034 1920 1048 1935 e
1060 1912 1104 1937 che
1116 1912 1166 1936 dal
1174 1913 1259 1945 figlio
1279 1913 1309 1936 di
1319 1914 1359 1937 lui
1375 1913 1515 1938 Giovanni
1523 1913 1560 1946 su
1579 1914 1741 1939 comunicata
1756 1921 1773 1936 a
1786 1913 1918 1937 Modena:
1932 1914 1956 1936 il

61 2003 89 2028 ¹5

56 2225 89 2242 20

54 2681 89 2707 30

56 2890 85 2915 35

123 1955 219 1986 Pepoli
235 1963 283 1978 non
296 1962 384 1979 avena
397 1964 410 1978 ε’
424 1963 472 1980 non
486 1959 590 1987 poteva
609 1963 692 1980 avere
715 1955 820 1980 vicario
839 1954 870 1977 πὸ
889 1955 917 1977 in
936 1955 1023 1978 Roma
1036 1954 1066 1977 ne
1085 1954 1114 1977 in
1133 1954 1266 1978 Modena:
1286 1963 1302 1978 a
1315 1958 1402 1986 questo
1419 1963 1491 1979 senso
1512 1955 1635 1986 risponde
1653 1956 1681 1978 la
1699 1955 1892 1980 ricostituzione
1911 1955 1955 1978 del

122 2001 188 2022 testo
201 1999 236 2022 da
250 2008 288 2022 mc
301 2002 403 2024 tentata
424 2014 455 2016 W
478 2007 516 2030 14.
536 2000 736 2024 continebatur
753 2006 823 2022 corr.
848 1998 936 2023 Mun..
956 1998 1017 2023 cn:
1039 1998 1226 2022 connitebatur
1243 1999 1275 2022 Α.
1296 2011 1307 2017 -
1327 1998 1422 2031 xviiiJ']
1442 2000 1515 2023 vinti
1534 2000 1580 2027 Α.,
1601 2000 1660 2029 Cn:
1680 2005 1718 2023 xx
1738 2000 1830 2029 MUR.;
1850 2006 1892 2021 ma
1911 1999 1955 2022 nel

119 2049 186 2074 1547
205 2043 232 2067 la
244 2044 348 2076 vigilia
360 2044 390 2067 ‹li
402 2045 553 2068 Pentecoste
564 2044 648 2068 cadcle·
661 2045 685 2068 il
694 2050 728 2074 19
739 2043 851 2075 maggio
865 2042 940 2072 (vadi
949 2046 1030 2072 sopra
1039 2046 1066 2072 p.
1079 2049 1137 2073 134,
1151 2043 1170 2066 l.
1182 2048 1202 2071 5
1215 2051 1229 2066 e
1241 2047 1302 2067 nota
1313 2043 1434 2074 corrisp.)
1448 2057 1479 2060 -—
1498 2043 1582 2074 15-16.
1596 2042 1723 2074 illustris]
1735 2044 1780 2073 qm·
1791 2043 1857 2067 deve
1869 2050 1953 2066 essere

122 2094 174 2111 una
186 2088 290 2118 lacuna,
299 2089 401 2119 poiche,
414 2089 523 2116 riferilo
535 2088 560 2112 il
571 2089 647 2112 titolo
662 2087 844 2120 uffi'cialmente
857 2089 962 2110 assunto
975 2086 1010 2110 da
1031 2087 1105 2115 Cala,
1119 2086 1224 2110 doveva
1242 2088 1350 2118 seguire
1367 2095 1419 2111 una
1437 2088 1518 2111 breve
1537 2091 1598 2111 nom
1616 2088 1662 2111 del
1676 2090 1810 2111 commata
1823 2086 1953 2117 dell’Epi-

118 2132 187 2155 stola
206 2140 219 2154 e
238 2132 292 2156 σιόὲ
310 2132 356 2156 del
373 2132 446 2156 modo
466 2139 512 2156 con
531 2132 573 2155 cui
587 2132 636 2163 gli
645 2131 682 2163 su
701 2132 833 2163 conferita
846 2129 989 2154 l’autorttcz
1001 2129 1051 2152 dal
1059 2131 1154 2161 popolo
1168 2138 1284 2160 romano,
1297 2135 1326 2161 p.
1346 2139 1380 2155 es.
1400 2132 1428 2154 in
1446 2134 1537 2162 questa
1548 2132 1644 2164 forma
1661 2131 1802 2163 suggerita
1816 2129 1952 2161 dall‘Epi-

118 2176 186 2199 stola
199 2179 284 2199 stessa
297 2175 345 2208 (cf.
365 2176 418 2199 BP.
438 2175 485 2204 ΠΙ,
505 2183 529 2206 p.
549 2176 609 2205 zx):
630 2175 727 2199 habuit
746 2181 762 2198 a
782 2174 888 2206 populo
907 2179 1025 2197 romano
1045 2174 1203 2198 absolutam
1222 2175 1252 2198 et
1271 2174 1387 2198 liberam
1407 2176 1575 2206 potestatem
1596 2176 1626 2198 et
1644 2174 1840 2198 auctoritatem
1860 2174 1950 2198 refor-

119 2219 214 2243 mandi
228 2222 254 2243 et
267 2219 438 2243 observandi
459 2220 563 2243 statum
584 2219 725 2251 pacificum
746 2219 830 2243 Urbis
849 2219 876 2242 et
895 2217 987 2241 tocius
1006 2224 1137 2240 romanae
1157 2219 1320 2249 provinciae
1334 2222 1380 2242 etc.
1403 2232 1433 2235 —
1457 2219 1496 2243 18.
1516 2218 1629 2250 cingulo
1643 2218 1790 2242 decoratus
1802 2225 1864 2243 cum
1877 2218 1950 2242 festo

118 2270 187 2287 corr.
206 2263 293 2293 Μυκ.,
315 2264 374 2292 Cr.·.
394 2264 495 2295 angulo
521 2264 692 2287 constitutos
713 2263 742 2286 in
762 2262 834 2286 festo
849 2261 872 2284 Α

116 2342 188 2366 stola
218 2344 245 2366 in
267 2345 309 2367 cui
331 2345 352 2367 si
381 2344 504 2367 ‹lesa-rive
531 2344 760 2375 l'impedirnento
787 2343 931 2374 srapposto
957 2341 1001 2364 dai

118 2384 282 2408 malviventi
304 2386 330 2408 ai
349 2385 565 2416 pelfflgrinaggi,
585 2393 598 2408 e
618 2392 695 2408 come
716 2384 810 2408 Cristo
827 2384 1004 2407 richiamasse

116 2426 135 2448 il
152 2427 256 2458 popolo
278 2435 392 2451 romano
413 2427 467 2451 alla
482 2427 642 2455 concordia,
656 2434 670 2449 e
691 2427 716 2449 la
731 2426 876 2449 titubanza
891 2426 918 2449 di
935 2425 1004 2449 (jola

75 2470 85 2476 '⁴
117 2468 149 2491 ad
171 2475 306 2492 assumere
326 2469 439 2492 l’ufficio
460 2469 640 2499 conferitogli
662 2476 715 2491 ecc.

203 2508 212 2524 ¹
232 2509 284 2534 Per
310 2511 329 2533 il
357 2510 456 2534 Finale
476 2511 525 2534 cfr.
549 2510 703 2535 FRASSONL
732 2510 811 2533 Mem.
832 2510 877 2533 del
900 2509 1003 2538 Finalc,

116 2552 245 2581 Modena‚
268 2552 340 2584 1778,
362 2560 387 2584 p.
408 2560 448 2585 29.
487 2553 584 2576 Invece
604 2553 631 2575 di
653 2551 760 2580 FInaIe,
782 2552 800 2575 il
826 2551 944 2575 Morano
970 2551 1005 2574 ha

116 2594 240 2621 Fanano,
260 2602 303 2617 ma
324 2595 345 2618 il
362 2596 420 2618 Cler.
443 2596 500 2619 Est.
520 2596 556 2619 ha
576 2594 682 2617 Finale.
720 2593 802 2617 Casal
818 2592 945 2625 Cicogna
959 2599 1004 2617 era

117 2643 153 2659 un
175 2636 286 2667 piccolo
301 2637 417 2660 castello
431 2644 526 2668 presso
540 2637 685 2668 Prignano
705 2636 734 2659 di
748 2635 863 2659 Seechia
884 2635 1005 2666 (Tuaen,

118 2678 187 2707 Dis„
209 2678 228 2705 1,
252 2677 321 2710 163),
341 2678 430 2702 allora
451 2679 580 2702 dominio
602 2678 645 2701 dei
666 2678 774 2709 signori
796 2677 825 2701 di
844 2677 986 2709 Roteglia.

203 2717 213 2734 ²
226 2719 268 2744 Fu
281 2717 331 2751 piu
341 2727 389 2751 per
408 2720 435 2743 la
455 2720 573 2743 carestia
587 2720 635 2743 che
650 2726 697 2751 per
710 2718 862 2750 pestilenza
874 2728 878 2744 ;
893 2719 927 2742 cf.
945 2720 1006 2743 Cor-

111 2764 162 2790 pus
181 2762 265 2784 chron.
285 2762 349 2787 bon..
362 2760 396 2789 ΙΙ,
411 2761 477 2793 563ς
493 2761 650 2790 Cium-om,
666 2767 757 2784 nuova
771 2761 837 2784 ediz.
853 2761 908 2788 cit..
923 2769 947 2792 p.
963 2760 1005 2791 56,

117 2802 134 2825 1.
157 2807 200 2833 17:
223 2804 293 2831 Chr.‚
313 2804 381 2831 Est,
401 2811 459 2835 433.
821 2799 823 2802 ”

204 2841 213 2857 ³
225 2843 339 2867 Taddeo
350 2844 457 2876 Pepoli,
472 2845 520 2868 che
535 2844 607 2868 visse
618 2844 681 2867 sino
696 2844 722 2867 al
735 2849 766 2874 29
777 2844 924 2867 settembre
936 2853 939 2867 :
955 2852 1004 2868 suo

115 2885 194 2918 figlio
214 2884 361 2909 Giovanni
383 2884 435 2909 sall
455 2886 512 2909 alla
532 2886 658 2917 signoria
673 2885 692 2908 il
709 2893 749 2917 30,
764 2894 778 2909 e
791 2884 940 2909 comunico
955 2888 1002 2918 poi

115 2927 142 2950 la
163 2927 270 2953 lettera,
291 2927 340 2951 che
359 2928 393 2951 da
413 2927 503 2951 Roma
518 2935 564 2952 era
576 2928 701 2952 arrivata
723 2928 840 2959 qualche
853 2929 1003 2952 settimana

115 2968 215 2999 prima,
235 2968 261 2991 al
283 2967 374 2999 padre.

1147 2341 1156 2356 ⁴
1177 2342 1356 2367 Osservabile
1369 2341 1383 2367 ὲ
1396 2345 1494 2374 questo
1508 2350 1590 2374 passo
1604 2340 1704 2375 perche
1717 2342 1742 2365 ci
1758 2342 1784 2366 sa
1798 2349 1948 2366 conoscere

1058 2384 1282 2416 csplicitamente
1303 2391 1358 2407 una
1372 2384 1444 2408 delle
1458 2383 1535 2408 sonti
1550 2384 1575 2408 d’
1585 2384 1787 2408 informazioni
1803 2383 1857 2407 alle
1871 2384 1947 2414 quali

1059 2425 1124 2457 pot'e
1144 2427 1284 2457 attingere
1304 2425 1452 2449 Giovanni
1467 2426 1501 2449 da
1516 2426 1640 2449 Bazzano
1655 2434 1659 2448 ι
1674 2425 1702 2448 in
1718 2425 1848 2457 Bologna
1861 2425 1890 2449 ai
1900 2425 1948 2448 Pe-

1059 2468 1119 2499 poli
1140 2475 1154 2491 e
1173 2468 1261 2491 anche
1280 2469 1305 2490 ai
1328 2467 1499 2495 Gozzadini,
1519 2467 1568 2490 che
1587 2474 1715 2490 avevano
1735 2466 1888 2490 succursali
1903 2466 1946 2490 dei

1059 2509 1122 2533 loro
1142 2509 1242 2533 banchi
1264 2517 1279 2532 a
1299 2509 1398 2537 Roma,
1409 2516 1424 2532 a
1444 2508 1570 2539 Genova,
1581 2516 1596 2531 a
1609 2508 1742 2538 Venezia,
1755 2509 1948 2540 pervenivano

1059 2552 1156 2575 lettere
1176 2551 1219 2575 dei
1242 2549 1304 2575 loro
1327 2551 1425 2575 fattori
1445 2551 1472 2581 (“
1484 2558 1532 2582 per
1557 2550 1703 2582 quemdam
1729 2550 1789 2573 eius
1814 2552 1946 2575 nuncium

1061 2594 1073 2605 ·‘
1086 2595 1116 2617 in
1136 2593 1209 2617 Urbe
1222 2592 1247 2624 „)
1267 2594 1430 2616 contenenti
1452 2593 1477 2616 le
1498 2593 1606 2616 notizie
1631 2592 1705 2624 degii
1733 2592 1944 2617 avvenimenti:

1059 2643 1072 2659 e
1091 2635 1126 2658 da
1147 2635 1275 2666 Bologna
1296 2642 1312 2658 o
1333 2642 1397 2658 eran
1419 2634 1548 2658 mandate
1569 2642 1582 2657 a
1602 2633 1724 2658 Modena
1749 2641 1766 2657 o
1792 2640 1948 2664 comunque

1060 2677 1129 2700 fatte
1149 2683 1298 2700 conoscere
1318 2677 1344 2700 al
1364 2677 1500 2704 cronista,
1518 2676 1567 2699 che
1590 2683 1638 2707 per
1663 2676 1689 2699 la
1715 2683 1764 2699 sua
1789 2673 1899 2706 qualit&
1919 2675 1948 2698 di

1058 2719 1274 2741 commerciante
1293 2724 1306 2741 e
1325 2717 1488 2749 capitalista
1508 2717 1617 2740 doveva
1642 2724 1730 2740 essere
1756 2717 1784 2739 in
1813 2717 1948 2747 rapporto

1060 2767 1112 2783 con
1132 2759 1225 2790 quelle
1244 2766 1305 2783 case
1325 2759 1463 2783 bancarie.

1146 2799 1156 2816 ⁵
1175 2800 1279 2828 Questa
1299 2800 1398 2825 lettera
1410 2802 1513 2824 venuta
1527 2801 1562 2824 da
1575 2800 1665 2824 Roma
1678 2800 1706 2824 ai
1717 2799 1816 2832 Pepoli
1831 2799 1947 2828 doveva,

1059 2851 1107 2875 per
1134 2851 1202 2875 gran
1229 2845 1307 2875 parte
1333 2843 1407 2866 della
1432 2849 1482 2866 sua
1507 2844 1690 2871 contenenza,
1714 2848 1802 2865 essere
1827 2841 1948 2872 analoga

1059 2885 1114 2908 alle
1132 2884 1253 2916 epistole
1271 2884 1320 2908 che
1341 2883 1412 2908 Cola
1432 2885 1531 2908 scrisse
1550 2885 1794 2915 rispettivamente
1814 2884 1835 2907 il
1855 2883 1947 2914 primo

1058 2935 1072 2950 e
1091 2926 1127 2950 1¹8
1147 2927 1239 2958 luglio
1259 2927 1285 2950 al
1306 2927 1415 2950 vicario
1434 2926 1563 2958 generale
1583 2926 1626 2949 del
1647 2926 1745 2957 Regno
1765 2925 1793 2948 di
1814 2924 1915 2948 Sicilia
1934 2932 1947 2948 e

1058 2969 1083 2993 al
1104 2968 1241 3002 pontefice
1261 2968 1405 2998 Clemente
1424 2967 1462 2990 VI
1481 2967 1563 2996 (ediz.
1589 2968 1728 2991 Bunmcn
1754 2974 1768 2990 e
1793 2965 1876 2996 Ριυκ,
1901 2965 1946 2993 In,

1976 2433 2010 2456 40

1976 2642 2006 2666 45

1975 2852 2009 2876 50
