2318 3603
152 560 200 578 ,ἀι

246 1895 276 1911 10

265 2120 291 2145 ¹5

263 2332 295 2348 20

265 2543 294 2568 25
325 2541 380 2566 cit..
398 2539 433 2569 H,

267 2755 299 2779 30

269 2967 299 2991 35

907 214 1233 249 CHRONicoN
1263 205 1576 250 MUTINENSE
1990 222 2041 255 [A.
2064 224 2153 255 ιω,

325 338 338 352 “
354 335 563 367 baxiatorum
580 341 780 373 nostrorum,
798 335 895 367 saluti
912 336 1097 367 animarum
1115 336 1372 367 christianarum
1390 337 1539 368 omnium
1556 337 1750 378 providens,
1768 346 1891 368 annum
1908 337 2082 375 Iubileum,
2100 338 2155 380 qui

325 390 343 405 “⁴
355 389 398 420 de
425 387 608 419 centesimo
632 388 666 418 in
691 388 909 420 centesimum
934 399 1058 420 annum
1083 399 1155 420 esse
1180 389 1362 430 antiquitus
1386 390 1571 428 consuevit,
1605 391 1648 421 de
1679 390 1960 432 quinquagesimo
1989 391 2024 421 in
2057 390 2153 432 quin-

325 445 339 457 “
354 441 585 483 quagesimum
609 447 775 482 perpetuo
801 448 934 473 nostrae
960 442 1053 473 felici
1078 441 1163 474 Urbi
1188 441 1334 485 benigne
1361 443 1537 474 concessit.
1585 443 1688 480 Quod
1708 443 1820 474 cuncti
1838 443 2008 475 christiani
2025 443 2153 481 fideles,

326 496 339 510 “
354 493 467 534 ad[eo]
492 493 597 525 italici
621 494 777 532 maxime,
801 494 1045 526 innumerabile
1070 495 1194 526 donum
1227 495 1355 537 gratiae
1378 495 1497 527 merito
1523 495 1684 527 debemus
1716 495 1908 533 observare,
1934 496 2155 537 omnipotenti

330 549 344 563 “
358 545 448 578 Deo'
474 545 590 577 cernui
613 546 843 588 supplicantes
866 553 902 579 ut
919 548 1029 580 eidem
1055 548 1192 579 domino
1216 554 1332 579 nostro
1356 558 1485 580 summo
1501 549 1654 590 pontifici
1671 548 1714 581 de
1732 554 1826 580 tanto
1843 559 1971 580 summo
1989 548 2156 580 beneficio

327 599 593 642 “largitudinem
617 598 780 631 retribuat
804 611 949 642 eumque
973 606 1153 632 conservet
1170 601 1202 632 in
1220 601 1335 632 secula
1351 612 1413 642 per
1430 607 1583 643 tempora
1608 602 1754 633 feliciter
1779 601 1941 644 longiora.

415 654 429 669 ⁴⁸
442 652 628 684 Tredecim
646 652 707 684 viri
720 654 765 685 ad
778 652 972 685 habendum
986 653 1089 686 Urbis
1101 654 1254 696 regimen
1266 664 1328 696 per
1340 654 1535 686 Romanum
1551 655 1713 696 populum
1731 654 1882 696 deputati
1899 664 1964 686 nec
1980 664 2048 686 non
2065 654 2156 687 Con-

326 708 339 722 “
354 705 462 737 silium
487 705 599 737 dictae
623 704 727 737 Urbis
750 706 890 738 salutem
915 712 949 738 et
972 706 1105 739 sincere
1131 706 1324 739 dilectionis
1347 708 1519 739 affectum.

413 760 426 775 ‘⁴
440 759 564 790 Datum
595 758 630 789 in
660 758 832 800 Capitolio
856 758 900 801 xij
926 759 1050 791 mensis
1074 759 1162 791 maii.
1210 759 1379 803 Poncelus
1403 760 1514 792 scriba
1538 766 1671 792 senatus
1694 760 1806 803 Egidii
1830 760 1966 792 nornine
1983 758 2157 800 [notarius]

325 813 339 829 ‘⁴
352 810 625 844 Cameranrbis
639 810 647 827 ¹
663 835 692 850 „.

406 909 506 939 Tunc
530 908 586 940 die
602 908 711 950 primo
728 909 860 952 augusti
877 919 963 942 voce
980 910 1165 951 praeconia
1181 921 1244 952 per
1266 911 1470 952 praeconios
1495 911 1647 942 comunis
1670 911 1822 942 Mutinae
1847 910 2109 952 praenunciatus
2126 915 2159 940 et

319 960 548 1002 proclamatus
571 961 635 992 fuit
657 972 765 993 annus
781 961 922 993 Iubilaei
946 962 979 993 in
998 962 1133 994 civitate
1151 963 1314 994 Mutinae.
1362 963 1462 994 Tunc
1487 964 1530 995 de
1555 974 1669 995 mense
1694 963 1885 995 decembris
1901 963 1984 995 dicti
2000 962 2079 994 an'ni
2095 971 2158 1004 po-

319 1014 415 1044 situm
440 1013 503 1045 fuit
529 1014 715 1056 arologium
739 1014 772 1045 in
798 1014 945 1046 ecclesia
962 1015 1079 1046 maiori
1097 1016 1189 1047 iuxta
1213 1015 1381 1047 tribunam
1406 1022 1439 1047 et
1456 1017 1640 1048 sacristiam
1665 1022 1818 1057 tempore
1843 1016 1970 1047 domini
1992 1014 2155 1047 Andreae

320 1066 364 1097 da
387 1066 556 1108 Campilio
571 1067 582 1084 ²
605 1067 756 1099 massarii
781 1067 935 1099 fabricae
966 1068 1074 1099 sancti
1098 1068 1300 1100 Geminiani.
1347 1069 1448 1101 Tunc
1471 1069 1609 1110 incepta
1632 1069 1696 1101 fuit
1720 1079 1842 1111 guerra
1865 1069 1955 1100 inter
1987 1067 2159 1100 dominum

319 1118 510 1150 Luchinum
535 1119 577 1150 de
604 1119 786 1151 Vescontis
810 1120 982 1152 dominum
1016 1120 1159 1152 civitatis
1190 1120 1380 1152 Mediolani
1405 1132 1446 1152 ex
1470 1132 1536 1152 una
1558 1127 1654 1162 parte
1679 1128 1712 1152 et
1735 1120 1877 1153 Pisanos
1900 1127 1934 1152 et
1961 1120 2160 1152 Luchenses

319 1182 362 1202 ex
385 1171 502 1209 altera,
527 1177 674 1204 tractatu
690 1172 835 1205 filiorum
858 1173 1032 1215 quondam
1056 1174 1223 1206 Castrucii
1243 1174 1300 1216 qui
1325 1174 1455 1216 expulsi
1480 1175 1616 1206 fuerant
1640 1175 1684 1206 de
1708 1174 1800 1206 dicta
1825 1174 1959 1205 civitate
1983 1172 2123 1205 Luchae
2136 1170 2158 1203 ³.

407 1224 571 1256 Dominus
595 1225 758 1268 Galacius
782 1226 825 1258 de
849 1226 997 1258 Medicis
1021 1226 1065 1258 de
1088 1226 1227 1258 Feraria
1250 1226 1406 1259 Potestas
1436 1227 1590 1258 Mutinae
1621 1237 1683 1268 pro
1715 1227 1854 1258 domino
1884 1225 2089 1258 Marchione
2121 1224 2155 1255 in

322 1276 576 1319 M.cccxxxxiiij
595 1278 629 1308 in
645 1278 762 1319 primis
785 1289 845 1310 sex
867 1278 1038 1310 mensibus
1061 1279 1207 1320 inceptis
1231 1279 1265 1309 in
1291 1279 1445 1310 calendis
1461 1279 1603 1310 ianuarii
1617 1280 1638 1310 ⁴.
1685 1279 1785 1310 Tunc
1808 1278 1940 1310 nobiles
1964 1279 2008 1310 de
2031 1277 2161 1309 Miran-

320 1330 399 1361 dula
423 1337 631 1372 acceperunt
655 1337 802 1362 castrum
819 1331 986 1363 Cividalis
1010 1331 1180 1363 nobilibus
1196 1331 1240 1362 de
1258 1330 1396 1363 Padelis
1413 1338 1445 1363 et
1469 1332 1545 1373 ipso
1570 1338 1680 1363 castro
1705 1331 1860 1363 omnibus
1883 1331 1980 1363 bonis
2003 1329 2159 1372 spoliato,

326 1383 433 1424 ipsum
458 1383 711 1424 dirupaverunt‚
736 1384 828 1425 quod
844 1390 1053 1425 acceperunt
1078 1384 1201 1415 furtive
1216 1383 1252 1415 ⁵.'
1298 1384 1398 1415 Tunc
1423 1385 1477 1416 die
1502 1384 1637 1415 veneris
1661 1384 1763 1427 [xxvij
1790 1383 1963 1424 februarii]
1989 1383 2023 1414 in
2039 1392 2159 1423 crepu-

411 1501 432 1518 1.
451 1494 679 1525 christianarum]
700 1495 895 1527 episcoporum
909 1496 952 1525 A„
972 1496 1032 1523 Cr.;
1047 1504 1084 1519 om
1097 1496 1174 1520 Mun.
1189 1508 1199 1513 -
1214 1495 1368 1526 providens
1381 1503 1449 1520 corr.
1470 1496 1563 1526 Mum
1583 1496 1704 1527 prudens
1723 1496 1764 1523 A„
1778 1496 1821 1520 Cr.
1837 1509 1868 1513 —
1884 1501 1908 1519 2.
1922 1495 1955 1519 de
1965 1494 2118 1519 centesimo
2130 1493 2158 1516 in

318 1539 500 1562 centesimum
514 1546 583 1563 corr.
596 1539 681 1566 Mun.
697 1540 759 1569 Cr.3
772 1539 968 1563 detentissimo
980 1540 1244 1564 intentissimumA.
1258 1552 1287 1556 —
1304 1546 1332 1562 2-
1321 1546 1358 1571 -3.
1371 1538 1403 1564 de
1416 1541 1648 1571 quinquagesimo
1663 1540 1692 1563 in
1705 1540 1968 1571 quinquagesimum
1988 1545 2058 1562 corr.
2072 1537 2159 1566 MUR.=

324 1583 384 1612 Cr.;
403 1583 438 1606 ad
457 1584 719 1615 quinquagesimum
739 1583 769 1608 in
783 1585 1013 1615 qulnquagesimo
1033 1585 1065 1608 A.
1087 1597 1118 1601 —
1139 1589 1163 1614 3.
1182 1584 1276 1608 cuncti
1291 1584 1415 1616 episcopi
1434 1584 1477 1613 A..
1497 1585 1585 1613 Mum,
1608 1585 1667 1614 Cr.
1680 1585 1759 1616 forse
1778 1584 1874 1609 cuncti
1892 1581 2063 1608 christiani?
2084 1595 2114 1598 —
2134 1588 2159 1611 4-

323 1627 390 1651 adeo
404 1635 452 1651 om.
467 1627 554 1657 Mum
576 1628 621 1651 Cr.
636 1641 667 1646 —-
684 1632 707 1658 5.
722 1634 830 1652 summo
842 1626 866 1660 2]
880 1635 930 1652 suo
945 1628 1021 1652 Mam.
1035 1641 1065 1645 —
1081 1632 1108 1659 7-
1099 1627 1136 1652 -.8
1156 1627 1328 1653 Tredicim..
1321 1645 1359 1653 ...
1379 1627 1517 1659 affectum]
1534 1629 1741 1659 probabzlmente
1758 1632 1843 1660 queste
1858 1629 1955 1659 parole
1973 1634 2052 1651 erano
2071 1625 2161 1649 scritta

323 1679 348 1694 m
365 1671 499 1702 principio
519 1672 592 1696 della
610 1673 708 1696 lettera
727 1679 797 1696 come
815 1673 988 1696 intestatione
1003 1686 1035 1689 —
1051 1677 1074 1703 7.
1088 1672 1123 1696 ad
1137 1671 1308 1703 habendum]
1323 1672 1356 1696 ad
1371 1672 1471 1696 alende
1491 1673 1537 1701 Α.;
1557 1674 1592 1697 ad
1612 1673 1699 1702 Mun..
1716 1674 1761 1697 Cr.
1777 1685 1808 1690 —
1823 1681 1847 1703 4.
1863 1673 1965 1696 Datum
1981 1678 2050 1695 corr.
2065 1669 2159 1698 Μυκ.;

319 1715 397 1740 dant.
408 1715 439 1739 Α.
444 1716 535 1745 ,.-Cr
524 1715 695 1748 -Capitollo
716 1724 785 1741 corr.
799 1717 886 1746 Mun„
903 1716 1112 1748 Cr.:Capitu10
1125 1717 1157 1740 A.
1179 1716 1342 1740 -Ponzelus
1362 1716 1428 1740 seba
1442 1723 1537 1741 servus
1556 1717 1605 1747 A.3
1625 1717 1758 1741 Ponzelus
1777 1715 1848 1742 Seba
1867 1722 1964 1740 servus
1978 1715 2067 1744 Mun.¹
2083 1713 2128 1738 Cr.
2148 1724 2159 1730 -

320 1761 449 1784 notarius
470 1767 518 1784 non
531 1758 544 1783 ὲ
557 1768 596 1785 nex
609 1761 672 1785 testi
685 1773 716 1778 —-
734 1768 774 1785 11.
789 1768 836 1793 per
850 1768 982 1792 precones
996 1761 1084 1790 Mun„
1100 1762 1145 1786 C›.
1158 1774 1189 1777 —
1209 1767 1295 1783 11—12.
1310 1761 1534 1791 pronunciantes
1553 1763 1582 1785 et
1601 1762 1786 1793 proclamatus
1805 1761 1847 1789 A„
1869 1762 1930 1790 Cr.;
1944 1757 2160 1791 pronuntiantes

321 1804 412 1828 dietas
431 1804 527 1829 literas
545 1806 573 1828 et
593 1805 783 1835 proclamatus
803 1805 880 1829 Mun.
902 1817 932 1821 —
958 1811 996 1835 13.
1016 1804 1197 1835 horologium
1216 1804 1304 1832 Mun..
1326 1805 1371 1828 Cr.
1385 1817 1395 1822 -
1408 1805 1549 1829 tribunam
1565 1805 1733 1833 corr.MtrR.‚
1747 1804 1941 1832 Cr.;trifinam
1954 1803 1985 1827 Α.
2001 1815 2032 1820 -
2049 1800 2089 1825 16.
2102 1800 2158 1825 fue-

321 1845 397 1878 rant]
409 1845 522 1870 fuerunt
535 1847 576 1876 A„
591 1847 678 1876 Mun„
694 1847 740 1871 Cr.
751 1860 781 1864 —·
797 1852 835 1878 17.
850 1846 994 1871 Galaesius
1008 1847 1096 1875 Mun„
1112 1847 1158 1871 Cr.
1173 1859 1205 1863 —
1224 1846 1262 1871 18.
1274 1846 1355 1877 M344
1373 1847 1406 1870 A.
1422 1860 1452 1863 —
1469 1853 1509 1870 20.
1524 1847 1615 1878 quoad
1628 1848 1660 1870 A.
1676 1860 1686 1864 -
1699 1846 1816 1871 fortivie
1834 1846 1867 1871 A.
1885 1859 1896 1864 -
1909 1852 1992 1876 xxva
2013 1839 2160 1871 februarii]

320 1891 408 1918 questa
430 1888 504 1917 data,
524 1889 567 1912 che
578 1889 615 1921 fu
634 1893 791 1913 certamcnte
810 1896 908 1913 amessa
923 1892 973 1919 per
993 1895 1082 1913 errore
1101 1889 1129 1911 in
1148 1888 1192 1917 A„
1210 1888 1237 1911 ct*
1255 1885 1268 1910 ὲ
1286 1892 1443 1912 conservata
1461 1890 1506 1913 nel
1517 1892 1598 1920 passo
1616 1889 1831 1920 corrispondente
1849 1890 1879 1912 di
1894 1889 1935 1912 M.
1956 1901 1985 1904 —
2001 1892 2090 1916 20-9·
2111 1887 2158 1913 125

320 1930 335 1953 l.
359 1936 369 1953 1
390 1931 553 1961 crepuscolo
573 1931 628 1955 diei
647 1938 716 1955 corr.
735 1931 822 1961 Mum,
844 1931 906 1960 (Ζῆς
926 1930 1084 1962 trepuscolo
1103 1929 1170 1953 dicti
1191 1930 1222 1953 A.

323 1994 342 2017 il
367 2000 432 2025 1350
452 1993 507 2017 alla
527 1993 715 2017 celebrazione
729 1994 772 2017 del
788 2001 882 2017 nuovo
896 1993 1028 2024 giubileo,
1067 1993 1102 2015 Di
1118 1994 1213 2023 questa

323 2036 421 2060 lettera
443 2043 498 2059 non
520 2037 541 2059 si
562 2036 597 2060 ha
618 2036 726 2059 altrove
747 2036 846 2059 alcuna
860 2036 971 2059 traccia.

1268 1993 1404 2023 quaderni
1424 1994 1468 2017 del
1489 1994 1581 2025 luglio
1601 1994 1644 2017 dei
1662 1995 1739 2017 ilem.
1755 2002 1825 2018 sono
1841 1993 1985 2018 intitolati
2002 1989 2161 2016 c0s1=⁴‘Li-

410 2074 419 2092 ¹
439 2076 493 2104 Qui
516 2076 530 2101 'e
550 2077 623 2101 forse
644 2085 698 2101 una
718 2077 827 2108 piccola
847 2077 964 2101 lacuna:
986 2077 1087 2108 Egidio
1107 2077 1215 2100 (loveva

323 2121 424 2143 esscrvi
446 2120 605 2151 qualificato
626 2128 702 2144 come
724 2122 735 2132 ¹¹
750 2121 877 2144 notarius
892 2119 1022 2143 Camerae
1036 2137 1046 2147 ,.

324 2162 405 2186 forse.
426 2170 502 2185 come
525 2162 536 2173 ‘¹
549 2161 725 2185 Camerarius
745 2162 828 2185 Urbis
840 2170 869 2191 ,,;
891 2161 910 2184 il
926 2161 1006 2192 quale
1021 2161 1112 2184 ufficio
1126 2161 1153 2183 di
1170 2167 1215 2183 no-

324 2205 382 2227 taio
401 2204 474 2227 della
496 2203 610 2228 Camera
633 2204 660 2227 fu
681 2205 726 2235 poi
749 2204 844 2228 l'anno
866 2205 995 2234 segucnte
1021 2204 1086 2226 dato
1108 2210 1121 2226 a
1145 2202 1215 2226 Cola

323 2246 350 2269 di
372 2245 477 2269 Rienzo
492 2246 537 2276 (cs.
558 2245 705 2271 Tiamaa.
728 2246 788 2269 Cod.
810 2246 883 2276 dipl„
903 2244 936 2271 Π,
958 2243 997 2269 n0.
1020 2243 1087 2276 139).

410 2285 420 2301 ‘·'¹
440 2287 462 2311 Il
490 2295 570 2311 nome
590 2288 617 2311 di
645 2290 742 2318 questo
772 2294 894 2311 massaro
923 2287 966 2310 del
995 2287 1115 2311 Duouio.
1142 2287 1215 2309 ossia

323 2337 392 2360 capo
412 2329 737 2353 dell’amministrazione
758 2337 774 2353 o
789 2329 955 2353 fabbriceria
969 2328 1042 2352 della
1056 2327 1215 2353 cattedrale,

325 2380 381 2397 non
400 2372 486 2404 figura
507 2372 580 2396 nelle
600 2372 744 2396 cronache.

412 2412 422 2428 ³
443 2414 487 2438 Cf.
508 2412 541 2437 G.
563 2414 698 2441 V1LLAN1,
721 2415 774 2440 Cr..
795 2413 853 2443 XII,
877 2412 917 2436 26.

413 2453 425 2470 ⁴
445 2454 549 2483 Questa
569 2456 726 2487 podesterIa
740 2454 754 2479 'e
769 2463 819 2486 pur
833 2456 1029 2479 documentata
1044 2455 1087 2478 dai
1105 2455 1214 2485 registri

326 2498 449 2529 pubblici
471 2498 572 2528 (illem,
591 2505 615 2521 a.
640 2504 713 2528 1344,
733 2497 766 2525 11,
788 2504 833 2521 nn.
857 2504 877 2527 x,
899 2497 977 2529 448);
997 2496 1033 2520 cf.
1055 2497 1156 2520 Vlcnss
1176 2499 1215 2526 ap.

459 2538 488 2563 18
508 2542 576 2563 nota
599 2546 637 2564 10.
676 2540 740 2563 Non
760 2546 827 2571 pare
845 2540 894 2563 che
917 2538 1040 2563 Galazio
1060 2546 1076 2561 ο
1096 2537 1218 2562 Galasso

326 2582 371 2606 dei
391 2582 492 2606 Medici
516 2581 596 2605 abbia
615 2583 760 2613 compiuto
776 2581 797 2604 il
811 2583 839 2604 20
853 2582 983 2605 semestre
1003 2588 1030 2604 se
1049 2579 1095 2612 gia
1117 2580 1160 2603 nel
1177 2580 1216 2603 lu-

325 2624 386 2656 glio
407 2631 508 2656 appare
529 2630 606 2647 come
627 2621 744 2655 podest&
765 2624 794 2646 in
814 2623 908 2647 alcuni
931 2623 1091 2647 documenti
1115 2620 1217 2651 (illem,

326 2674 351 2691 a.
374 2674 447 2699 1344,
475 2666 495 2694 Ι,
520 2672 564 2697 92,
590 2672 648 2697 249,
679 2671 739 2698 359,
768 2664 818 2696 607
839 2673 853 2689 e
877 2665 938 2689 doc.
969 2664 1111 2696 Campori,
1139 2671 1216 2694 casm,

330 2708 378 2740 146
398 2708 428 2732 in
449 2707 522 2732 Bibl.
543 2707 613 2738 Est.)
627 2715 663 2730 un
686 2705 789 2730 Nicolo
810 2707 853 2730 dei
875 2706 978 2730 Medici
994 2706 1021 2730 di
1040 2706 1155 2730 Fer-rara
1169 2706 1218 2729 che

329 2758 384 2774 non
404 2749 418 2774 e
438 2750 584 2773 ricordato
609 2750 650 2773 sra
671 2751 679 2772 i
700 2748 817 2780 podest&
843 2750 888 2773 dai
919 2749 1037 2772 cronisti
1064 2747 1217 2771 modenesi.

327 2792 396 2816 Pare
416 2792 465 2816 che
484 2793 583 2822 questo
603 2789 706 2815 Nicolo
727 2791 800 2814 fosse
821 2798 856 2814 un
876 2792 1036 2821 congiunto
1054 2790 1082 2814 di
1098 2788 1218 2813 Galazio

328 2841 342 2857 e
355 2834 404 2857 che
415 2833 442 2857 lo
456 2834 539 2857 abbia
551 2840 598 2865 per
607 2833 690 2856 breve
702 2835 797 2864 tempo
809 2833 957 2857 sostituito
969 2833 1056 2856 anche
1066 2832 1110 2855 nel
1127 2838 1217 2855 marzo

329 2876 421 2906 (Libri
439 2877 508 2899 delle
527 2876 668 2902 coudanne,
684 2881 723 2898 aa.
741 2881 865 2906 1343-44‚
885 2874 946 2898 doc.
964 2874 980 2898 6
994 2881 1088 2898 marzo
1107 2880 1181 2905 1344,
1195 2881 1216 2896 e.

1053 2138 1057 2144 .
1073 2127 1088 2142 o
1104 2118 1214 2149 meglio,

330 2917 375 2949 85)
394 2925 408 2940 e
428 2917 476 2941 che
496 2919 543 2948 poi
564 2916 603 2948 gli
622 2917 664 2939 sla
684 2916 834 2944 succeduto
855 2916 899 2940 nel
918 2915 1034 2947 lugliore
1049 2915 1218 2947 nell'agosto

330 2967 344 2983 e
367 2960 439 2986 forse
453 2959 509 2983 fino
525 2958 577 2983 alla
592 2958 645 2983 fine
658 2958 701 2982 del
716 2960 847 2981 semestre
861 2958 889 2983 di
906 2957 1076 2989 quell‘anno.
1114 2956 1218 2981 Alcuni

1272 2035 1343 2058 “ber
1362 2038 1412 2058 etc.
1441 2037 1566 2067 tempore
1593 2037 1741 2068 regiminis
1762 2037 1825 2060 nob.
1846 2038 1873 2059 et
1900 2038 1957 2067 pot
1978 2035 2032 2059 viri
2060 2034 2085 2057 d.
2112 2033 2160 2057 Ni-

1272 2076 1396 2108 '‘eholay
1418 2077 1450 2102 de
1469 2077 1589 2101 Medicis
1615 2078 1648 2102 de
1672 2078 1784 2101 Feraria
1810 2077 1991 2101 honorabilis
2010 2075 2161 2108 potestatis

1272 2119 1284 2130 ‘⁴
1298 2126 1348 2151 pro
1369 2121 1447 2152 parte
1466 2122 1494 2143 et
1508 2127 1559 2151 pro
1573 2123 1652 2152 parte
1666 2123 1791 2151 tempore
1806 2121 1953 2152 regiminis
1973 2119 2036 2142 nob.
2057 2119 2084 2141 et
2102 2119 2160 2150 pot.

1272 2160 1398 2183 “militis
1425 2162 1450 2184 (l.
1469 2161 1577 2185 Zirocii
1599 2163 1631 2185 de
1659 2161 1756 2185 Bardis
1775 2162 1809 2185 de
1834 2161 1983 2184 Florencia
2011 2159 2160 2192 potestatis

1273 2203 1348 2226 “etc.
1362 2221 1383 2234 η.
1400 2203 1443 2226 Cf.
1465 2204 1580 2229 V1C1N1,
1600 2207 1639 2233 op.
1660 2204 1714 2233 ciza,
1733 2203 1767 2232 II,
1792 2209 1820 2233 19
1840 2210 1854 2225 e
1874 2209 1916 2226 20.

1357 2243 1368 2258 ⁵
1387 2245 1399 2268 I
1418 2245 1533 2269 Pndella
1553 2253 1637 2269 erano
1659 2253 1694 2268 un
1716 2253 1792 2269 ramo
1812 2245 1886 2268 della
1906 2245 2010 2275 grande
2035 2243 2161 2274 famiglia

1270 2287 1312 2310 (lei
1334 2286 1391 2318 figli
1413 2288 1440 2310 ‹li
1462 2287 1617 2313 Manfredo,
1639 2285 1698 2311 cioe
1720 2288 1763 2310 clei
1784 2287 1859 2313 Pico,
1874 2294 1887 2310 e
1908 2286 2098 2317 possedevano
2119 2292 2162 2316 ap-

1270 2330 1358 2359 punto
1380 2328 1399 2351 il
1420 2328 1536 2352 castello
1556 2329 1583 2352 di
1600 2328 1730 2352 Cividale
1745 2328 1788 2352 nel
1803 2329 1948 2352 territorio
1968 2326 2161 2351 mirandolese.

1272 2371 1354 2394 Circa
1377 2371 1633 2401 l'organizzazione
1654 2371 1680 2394 di
1703 2378 1757 2394 una
1777 2371 1950 2394 consorteria
1979 2368 2013 2393 da
2039 2369 2099 2394 luce
2125 2376 2161 2392 un

1271 2420 1306 2436 un
1328 2413 1371 2436 bel
1398 2414 1566 2436 documento
1582 2413 1630 2435 che
1645 2414 1743 2443 traggo
1764 2413 1808 2436 (lai
1824 2413 1914 2437 Mem..
1929 2420 1951 2435 a.
1970 2416 2042 2442 1273.
2057 2418 2082 2434 n.
2098 2417 2162 2442 544:

1361 2453 1374 2466 “
1385 2455 1417 2478 In
1432 2454 1588 2478 Millesimo
1600 2460 1737 2485 chxxiij,
1752 2454 1808 2478 ind.
1825 2455 1923 2485 prima,
1938 2454 1983 2478 die
1996 2453 2086 2477 sabati
2097 2458 2162 2482 Vin,

1273 2496 1422 2520 “intrante
1441 2496 1527 2520 Iullio
1540 2513 1566 2527 η.

1361 2538 1570 2569 “Congregatis
1591 2539 1781 2569 infrascriptis
1802 2538 1925 2561 dominis
1949 2538 1981 2561 tle
2008 2537 2163 2561 Mansredis

1273 2583 1284 2592 ⁴¹
1300 2582 1326 2603 in
1348 2583 1420 2604 terra
1441 2581 1473 2604 de
1488 2580 1608 2604 Curtille
1624 2588 1705 2604 causa
1717 2581 1884 2611 providendi
1900 2580 2049 2603 ordinandi
2065 2581 2092 2603 et
2109 2580 2162 2603 sta-

1274 2622 1393 2645 “tuendi
1415 2629 1446 2645 ea
1466 2629 1516 2652 que
1538 2621 1680 2653 inferi[us]
1702 2622 1883 2644 continentur
1897 2628 1947 2651 pro
1961 2620 2067 2644 honore
2087 2620 2163 2644 utili-

1274 2666 1285 2676 ⁴‘
1298 2665 1354 2687 tate
1376 2666 1401 2686 et
1417 2664 1492 2687 bono
1507 2665 1580 2687 statu
1595 2663 1716 2687 filiorum
1732 2663 1940 2687 Manfredorum
1956 2661 2099 2694 inseri[us]
2115 2669 2162 2685 no-

1274 2708 1285 2717 “
1300 2707 1478 2734 mitratorum,
1500 2706 1631 2729 videlicet
1651 2706 1699 2729 (liis
1713 2705 1844 2737 philipus
1862 2706 1889 2728 et
1909 2705 2043 2728 Albertus
2064 2705 2163 2728 fratres

1275 2750 1285 2759 ¹*
1299 2747 1348 2770 tilii
1371 2747 1510 2777 quondam
1525 2747 1697 2778 d.Johannis
1711 2747 1743 2770 de
1762 2746 1901 2779 Acolinss,
1920 2745 2030 2770 Dalfine
2045 2747 2077 2769 de
2091 2746 2162 2769 Mar-

1275 2790 1285 2802 “
1299 2790 1415 2816 chexiis,
1435 2790 1460 2813 d.
1476 2789 1618 2820 Johannes
1638 2790 1670 2812 dc
1690 2788 1850 2812 Bonesaciis
1870 2795 1920 2819 pro
1941 2795 1968 2811 se
1987 2790 2014 2812 et
2030 2788 2163 2812 fratribus

1274 2835 1285 2843 ⁴·
1300 2833 1366 2860 suis,
1386 2831 1622 2863 dnishssonefacio
1643 2832 1669 2854 et
1684 2830 1817 2863 Αςοίἰῃο,
1836 2837 1886 2860 pro
1905 2830 2005 2861 quibus
2032 2830 2162 2860 promisit

1275 2876 1286 2885 ⁵⁴
1299 2874 1331 2897 cle
1352 2875 1413 2897 rato
1433 2873 1482 2897 sub
1502 2873 1677 2904 obligatione
1698 2880 1808 2896 suorum
1824 2872 1969 2899 bonorum,
1984 2873 2008 2895 d.
2022 2871 2116 2896 Guido
2129 2872 2162 2894 de

1275 2920 1285 2927 ‘¹
1301 2915 1470 2946 Falsegratis
1489 2922 1540 2946 pro
1560 2922 1587 2938 se
1607 2916 1633 2938 et
1656 2915 1739 2938 fratre
1766 2921 1815 2937 suo
1841 2913 2004 2943 Guilielmo,
2031 2921 2081 2944 pro
2107 2920 2161 2943 quo

1276 2959 1288 2969 ¹¹
1301 2957 1431 2987 promisit
1451 2957 1485 2980 de
1505 2958 1581 2980 racto
1602 2956 1651 2979 sul)
1677 2956 1852 2986 obligatione
1879 2962 1989 2979 suorum
2017 2956 2161 2983 bonorum,

2185 812 2223 842 10

2187 1118 2223 1149 15

2184 1382 2225 1412 20

2190 2163 2224 2186 40

2191 2371 2222 2397 45

2191 2578 2226 2603 50

2192 2789 2221 2815 55
