2318 3603
170 1162 242 1181 Mna„
259 1162 296 1184 1333

301 2592 331 2609 10

358 242 424 276 170
936 234 1249 273 CHRONiCON
1285 235 1590 272 MUTINENSE
2020 242 2070 275 [Α.
2094 240 2184 275 1361]

349 362 554 404 oppurtunis
578 360 734 391 omnibus
768 359 1000 401 providendo:
1026 365 1059 390 et
1090 363 1209 400 postea
1239 359 1282 389 de
1315 358 1407 389 dicto
1440 358 1517 390 loco
1550 358 1761 390 discedendo
1794 359 1853 389 ivit
1886 359 1996 390 dictus
2020 360 2188 391 exercitus

350 415 394 446 ad
420 414 530 445 locum
555 413 614 444 ubi
640 413 767 444 dicitur
791 413 937 444 Sanctus
966 412 1133 443 Rafaelus
1150 413 1221 442 sive
1241 412 1347 443 Glara
1362 411 1381 446 ¹,
1400 422 1419 442 a
1437 411 1541 442 latere
1567 422 1665 442 mane
1691 411 1805 442 dictae
1831 412 1976 443 civitatis
2000 412 2187 448 Bononiae,

349 468 442 498 iuxta
473 466 516 497 ad
549 465 675 496 dictam
705 465 875 496 civitatem
908 465 973 495 tria
1004 465 1147 495 miliaria
1179 464 1229 494 vel
1264 463 1366 499 circa,
1401 463 1552 505 [ibidem]
1585 465 1684 495 aliam
1717 464 1859 495 bastiam
1894 464 2098 496 ordinando.
2146 464 2188 496 Et

349 520 405 551 die
430 519 602 550 dominico
619 529 663 548 xx
680 517 764 548 iunii
781 523 858 559 post
876 518 1015 549 terciam
1034 527 1136 548 cerna
1153 526 1213 547 MD.
1233 516 1384 557 peditum
1403 516 1444 547 de
1463 517 1590 557 populo
1609 517 1756 548 civitatis
1776 517 1950 547 Bononiae
1971 527 2045 548 cum
2061 517 2188 558 stipen-

351 571 467 604 diariis
479 572 546 602 suis
560 576 593 602 et
606 571 679 601 aliis
692 571 856 602 militibus
870 570 1001 601 civibus
1015 576 1048 601 et
1062 569 1255 601 forensibus
1268 569 1300 599 in
1311 569 1403 601 dicta
1418 569 1555 600 civitate
1571 569 1780 601 morantibus
1795 569 1920 611 egressi
1936 570 2072 600 fuerunt
2083 570 2124 601 de
2138 569 2187 601 ci-

350 625 454 656 vitate
473 623 650 655 Bononiae
667 629 797 654 armata
814 634 916 654 manu
934 623 1076 654 viriliter
1093 622 1278 664 equitando
1298 628 1418 653 contra
1436 622 1594 653 inimicos
1611 628 1644 653 et
1662 623 1849 653 exercitum
1869 628 2104 659 memoratum,
2129 622 2187 663 qui

351 677 493 708 bastiam
511 675 723 717 praedictam
737 675 989 707 constituebant
1013 675 1045 706 in
1071 676 1149 706 loco
1166 675 1343 716 praedicto
1361 674 1477 706 Sancti
1495 675 1650 706 Rafaelis
1667 675 1739 706 sive
1756 675 1870 711 Glara,
1886 681 1918 706 et
1936 675 2025 716 ipsos
2037 675 2193 706 inimicos

351 730 495 761 viriliter
511 728 707 759 resistentes
723 729 943 769 implicarunt
961 734 995 759 et
1013 738 1071 759 eos
1084 727 1291 758 debellando
1317 727 1375 767 [in]
1400 728 1516 768 fugam
1534 734 1568 759 et
1584 734 1728 770 stragem
1747 728 1926 758 maximam
1942 734 2138 768 posuerunt,
2155 727 2189 758 in

350 793 415 825 qua
428 789 542 823 strage
557 786 590 812 et
600 781 761 813 conflictu
775 781 898 812 mortui
912 781 1052 811 fuerunt
1065 780 1153 811 inter
1162 780 1279 811 ambas
1291 785 1404 820 partes
1422 789 1519 810 Dece.
1529 780 1591 810 viri
1600 780 1652 811 vel
1664 780 1766 818 circa,
1778 780 1865 812 inter
1874 790 1959 822 quos
1967 780 2031 811 fuit
2040 786 2192 811 mortuus

350 835 505 866 Potestas
521 833 715 865 Bononiae:
736 835 779 865 de
797 833 933 864 armatis
947 833 1037 874 capti
1055 843 1136 864 vero
1154 833 1293 863 fuerunt
1307 842 1349 863 ex
1362 839 1459 873 parte
1473 832 1687 863 inimicorum
1701 834 1795 865 circa
1811 833 1916 870 mille,
1930 834 2018 864 inter
2030 843 2116 874 quos
2128 832 2193 863 fuit

349 888 557 929 Capitaneus
575 886 745 918 exercitus
760 886 980 918 inimicorum
999 891 1032 917 et
1049 886 1307 916 Mareschalcus
1325 885 1409 916 dicti
1429 885 1610 923 exercitus,
1629 892 1662 916 et
1679 886 1830 926 ipsorum
1848 892 1947 927 capta
1965 887 2027 917 fuit
2045 885 2191 916 maxima

350 940 528 972 multitudo
547 946 580 970 et
596 938 774 970 Bononiae
791 944 944 980 portata;
970 944 1003 970 et
1028 938 1077 969 illi
1102 939 1144 969 de
1164 938 1263 969 dictis
1281 937 1424 968 inimicis
1441 937 1676 977 [existentibus
1702 938 1747 978 in]
1772 939 1879 970 bastia
1897 938 2008 980 pontis
2026 939 2067 970 de
2092 938 2193 969 Reno

352 1000 384 1025 et
402 994 435 1024 in
452 993 561 1024 bastia
579 993 621 1023 de
639 992 847 1028 Cortexella‚
866 992 987 1023 timore
1002 991 1172 1036 perterriti
1191 990 1299 1022 dictas
1318 990 1442 1021 bastias
1465 990 1617 1022 totaliter
1641 991 1902 1022 combusserunt
1920 997 1953 1023 et
1976 992 2193 1032 arripuerunt

351 1048 478 1089 fugam,
496 1046 587 1077 bona
605 1051 638 1076 et
655 1045 842 1076 munimina
865 1044 974 1076 eciam
1000 1043 1211 1075 demittendo
1226 1042 1246 1074 ².
1294 1042 1412 1075 'Dicto
1431 1043 1611 1074 millesimo
1629 1044 1672 1075 de
1690 1044 1825 1075 veneris
1849 1045 1904 1087 xvj
1924 1044 1996 1075 iulii
2023 1045 2065 1076 de
2082 1050 2194 1081 nocte,

352 1106 498 1131 castrum
514 1098 647 1130 Guiliae
660 1103 767 1130 totum
785 1097 863 1139 igne
881 1098 1024 1138 proprio
1042 1097 1084 1127 de
1102 1103 1202 1128 nocte
1222 1096 1396 1127 cremavit,
1420 1096 1523 1127 Dicto
1540 1096 1719 1128 millesimo
1733 1097 1776 1128 de
1794 1107 1909 1128 mense
1923 1097 2067 1139 augusti,
2082 1097 2195 1128 dictus

355 1152 524 1184 exercitus
548 1151 678 1183 domini
701 1150 920 1187 Bernabovis‚
952 1151 986 1181 in
1019 1149 1182 1190 par'tibus
1206 1149 1436 1181 Lombardiae
1471 1150 1594 1180 iterum
1632 1150 1807 1186 adunatus,
1833 1150 1936 1182 rediit
1971 1150 2015 1181 ad
2050 1157 2196 1181 castrum

353 1205 570 1237 Nonantulae
595 1203 655 1245 [et]
681 1202 887 1245 Pancanum,
912 1203 947 1233 in
972 1202 1125 1244 partibus
1142 1202 1209 1233 illis
1226 1202 1488 1243 dapnificando;
1514 1208 1546 1234 et
1571 1202 1626 1233 die
1644 1203 1666 1245 ij
1685 1202 1878 1234 novembris
1896 1203 2010 1235 dictus
2027 1202 2196 1234 exercitus

354 1259 482 1291 divisus
506 1256 581 1294 fuit,
606 1263 639 1288 et
664 1267 730 1288 una
753 1266 832 1297 pars
850 1256 910 1287 ivit
935 1255 968 1285 in
992 1254 1236 1287 Lombardiam
1254 1266 1330 1286 cum
1355 1255 1562 1286 Marchione
1588 1256 1615 1287 F
1619 1253 1798 1286 rancisco³
1822 1256 1879 1298 qui
1906 1262 1978 1287 erat
1994 1256 2193 1297 capitaneus

353 1312 437 1343 dicti
453 1310 635 1347 exercitus,
661 1309 726 1340 alia
743 1318 824 1340 vero
842 1319 921 1350 pars
938 1308 1001 1339 ivit
1018 1318 1079 1349 per
1096 1308 1301 1340 territorium
1319 1308 1473 1339 Mutinae
1491 1308 1534 1339 ad
1551 1313 1699 1339 castrum
1717 1308 1935 1340 Mirandulae
1953 1314 1987 1339 et
2002 1314 2122 1350 postea
2138 1308 2198 1339 ivit

352 1365 396 1396 ad
419 1364 527 1405 ripam
552 1362 639 1394 Padi
665 1362 701 1392 in
727 1362 899 1393 territorio
925 1360 1088 1392 Mantuae
1113 1361 1156 1391 ad
1180 1361 1295 1391 villam
1320 1370 1384 1403 que
1403 1361 1528 1392 dicitur
1551 1361 1700 1397 Revere,
1725 1361 1757 1391 in
1785 1360 1937 1402 partibus
1961 1361 2027 1392 illis
2044 1361 2195 1403 undique

353 1418 502 1459 dapnum
519 1415 699 1447 maximum
726 1415 908 1451 faciendo;
928 1420 962 1445 et
981 1414 1104 1454 elapsis
1122 1414 1254 1446 duobus
1271 1414 1326 1445 vel
1343 1414 1449 1445 tribus
1467 1414 1587 1445 diebus
1611 1414 1766 1445 dominus
1784 1414 1954 1457 Ugolinus
1973 1415 2015 1446 de
2033 1414 2197 1457 Goncaga

353 1471 509 1502 dominus
522 1469 671 1501 civitatis
680 1469 842 1499 Mantuae
857 1478 934 1499 cum
948 1467 1076 1508 populo
1091 1472 1123 1498 et
1133 1467 1294 1498 militibus
1307 1467 1469 1498 Mantuae
1484 1468 1518 1498 in
1529 1467 1622 1499 dicto
1634 1467 1787 1499 exercitu
1801 1468 1884 1499 fecit
1898 1468 2058 1499 insultum
2072 1467 2197 1499 acriter

352 1523 560 1555 debellando
575 1527 608 1553 et
622 1522 665 1553 de
676 1531 717 1552 eo
728 1521 964 1552 exterminium
975 1520 1157 1551 maximum
1166 1520 1338 1555 faciendo.
1348 1521 1395 1551 ita
1404 1521 1495 1562 quod
1506 1531 1548 1551 ex
1558 1520 1605 1550 eis
1618 1520 1739 1551 mortui
1749 1521 1887 1552 fuerunt
1899 1531 2005 1558 cccc„
2016 1526 2052 1552 ut
2061 1519 2198 1562 publice

351 1577 541 1613 dicebatur,
567 1582 599 1606 et
627 1575 723 1606 multi
742 1574 834 1615 capti
859 1574 1000 1605 fuerunt
1016 1580 1049 1604 et
1065 1573 1168 1615 pauci
1193 1583 1213 1604 a
1238 1573 1331 1604 dicta
1354 1579 1466 1615 strage
1487 1574 1633 1604 evadere
1650 1580 1845 1614 potuerunt.
1886 1573 1986 1605 Dicto
2011 1572 2192 1605 millesimo

352 1630 409 1660 die
427 1629 542 1660 martis
567 1629 589 1671 ij
616 1627 811 1659 novembris
828 1626 987 1658 Marchio
1005 1625 1288 1657 Aldrobandinus
1306 1626 1464 1657 dominus
1489 1626 1637 1657 civitatis
1654 1626 1810 1657 Mutinae
1835 1633 1868 1658 et
1886 1627 2046 1658 Ferariae
2064 1627 2107 1658 de
2131 1626 2198 1657 hoe

352 1682 469 1713 seculo
487 1680 740 1722 transmigravit
758 1686 791 1710 et
808 1680 842 1710 in
861 1679 1014 1711 dominio
1030 1678 1188 1710 Marchio
1205 1677 1368 1709 Nicolaus
1384 1679 1493 1710 frater
1511 1679 1581 1710 eius
1598 1679 1760 1710 successit
1777 1680 1887 1711 eidem
1901 1679 1922 1711 ⁴.
1970 1679 2072 1710 Dicto
2089 1679 2199 1710 mille-

351 1736 436 1766 simo
468 1734 629 1776 M.ccclxj
658 1743 719 1774 per
744 1738 850 1763 totum
883 1732 977 1763 illum
1009 1741 1135 1762 annum
1159 1731 1193 1762 in
1218 1731 1372 1772 partibus
1405 1731 1496 1762 orbis
1521 1732 1585 1763 fuit
1617 1732 1857 1773 pestilentialis
1885 1732 2073 1764 mortalitas
2097 1733 2198 1764 valde

353 1798 488 1830 magna,
506 1797 591 1829 quae
617 1786 660 1817 de
677 1795 744 1816 uno
770 1784 846 1815 loco
864 1785 908 1815 ad
932 1784 1034 1815 alium
1050 1794 1111 1824 per
1129 1783 1290 1824 temporis
1306 1783 1458 1824 spacium
1482 1784 1728 1825 pertransibat,
1755 1785 1820 1816 fuit
1845 1785 1947 1816 etiam
1966 1785 2057 1817 dicta
2074 1791 2198 1816 morta-

352 1842 427 1873 litas
442 1840 475 1870 in
501 1839 640 1871 civitate
665 1837 901 1873 Venetiarum,
919 1837 951 1867 in
978 1836 1135 1873 Francia,
1154 1836 1189 1866 in
1206 1836 1381 1877 Hispania,
1400 1837 1433 1866 in
1458 1836 1648 1873 Alemania,
1673 1837 1707 1867 in
1732 1836 1912 1869 Avenione
1944 1838 2002 1869 ubi
2027 1837 2123 1878 Papa
2146 1848 2199 1868 re-

352 1893 486 1925 sidebat
503 1899 536 1925 et
552 1893 587 1923 in
605 1891 774 1933 aliquibus
790 1890 943 1931 partibus
960 1889 1210 1921 Romandiolae
1228 1895 1260 1920 et
1276 1889 1372 1930 quasi
1396 1890 1430 1920 in
1456 1890 1611 1921 omnibus
1637 1889 1830 1922 civitatibus
1848 1889 2088 1928 Lombardiae,
2106 1891 2197 1932 quia,

353 1953 452 1988 prout
477 1955 542 1987 ego
567 1945 737 1976 Iohannes
762 1944 804 1974 de
829 1943 967 1985 Bacano
992 1941 1109 1973 audivi
1135 1941 1178 1973 ab
1203 1942 1371 1983 aliquibus
1395 1943 1462 1973 fide
1488 1943 1609 1985 dignis,
1636 1943 1667 1973 in
1687 1943 1829 1974 civitate
1853 1943 2043 1975 Mediolani
2069 1950 2103 1976 et
2126 1944 2199 1975 eius

354 1999 485 2031 diocesi
510 1998 597 2029 inter
615 1997 770 2028 homines
787 2001 819 2027 et
836 1994 995 2026 mulieres
1012 1995 1189 2036 plusquam
1207 1995 1363 2037 xj.1nilia
1380 2004 1602 2035 personarum
1627 2006 1668 2026 ex
1693 1995 1784 2026 dicta
1809 1995 2005 2037 pestilentia
2029 1996 2199 2033 obierunt,

355 2054 399 2084 ita
416 2053 507 2094 quod
532 2051 696 2082 medietas
720 2059 939 2090 personarum
964 2048 999 2078 in
1025 2048 1110 2078 locis
1133 2047 1190 2078 ubi
1218 2055 1288 2078 erat
1308 2047 1501 2088 pestilentia
1526 2048 1752 2079 habitantium
1777 2055 1811 2080 et
1836 2049 1923 2080 ultra
1949 2049 2135 2080 creduntur
2157 2059 2199 2080 ex

358 2136 392 2138 .,,
398 2136 448 2138 ji
469 2135 482 2137 -
495 2133 696 2137 ,Ἶᾈργῇ
704 2132 774 2134 j—
2174 2128 2198 2138 ‚q

448 2193 467 2209 1.
494 2184 670 2216 providendo
695 2191 763 2208 carr.
791 2183 879 2211 Mum,
911 2182 971 2208 cm
997 2180 1179 2205 couvaiendo.
1199 2182 1232 2204 Α,
1255 2194 1285 2196 ἡ
1307 2187 1331 2211 3.
1350 2181 1385 2205 ad
1406 2188 1444 2203 om
1464 2181 1551 2211 Mun„
1574 2183 1619 2206 Cr.
1641 2195 1651 2199 -
1673 2181 1774 2206 ibidem
1796 2190 1865 2213 agg.
1886 2183 1938 2206 mia
1958 2195 1988 2198 -
2010 2190 2034 2214 4.
2053 2181 2194 2213 civitatis!

357 2232 443 2254 exivit
463 2231 509 2255 A.:
536 2237 583 2252 ont,
610 2228 697 2257 Mum,
719 2228 765 2251 Cr.
840 2234 863 2257 5.
884 2227 940 2249 suis
969 2233 1016 2249 om.
1047 2224 1133 2254 Mum,
1157 2224 1200 2248 Cr.
1223 2238 1253 2241 --
1276 2225 1298 2248 8.
1320 2226 1349 2249 in
1370 2226 1469 2250 avanti
1487 2235 1503 2249 a
1522 2226 1618 2257 fugam
1640 2233 1709 2256 agg.
1730 2225 1818 2255 Mum,
1839 2227 1884 2251 Cr.
1907 2240 1935 2242 ψ-
1961 2234 2001 2250 11.
2027 2228 2108 2259 capta
2129 2225 2199 2258 fuit]

356 2275 438 2306 copia
466 2275 576 2297 mortua
596 2272 650 2295 fuit
669 2272 717 2296 A.:
738 2273 847 2295 mortua
867 2270 923 2294 fuit
943 2270 1032 2298 Mra„
1054 2269 1097 2293 Cr.
1121 2282 1151 2285 —
1176 2275 1214 2291 1².
1235 2269 1314 2292 inim.
1335 2271 1363 2293 et
1383 2277 1398 2293 a
1418 2269 1513 2294 Bastia
1533 2270 1578 2294 A:
1607 2270 1685 2294 inim.
1712 2271 1758 2302 qui
1785 2273 1864 2294 eraut
1886 2272 1915 2294 in
1935 2271 2024 2294 bastin
2043 2270 2130 2300 Mum,
2152 2270 2198 2294 Cr.

359 2331 390 2335 —
413 2325 453 2349 13.
474 2316 639 2341 Cor-resellis
658 2316 698 2344 A„
719 2316 805 2344 Mun„
828 2315 872 2338 Cr.
894 2327 925 2331 —
950 2321 987 2344 14.
1017 2311 1091 2343 iulii]
1122 2313 1194 2336 iunii
1222 2312 1262 2337 A..
1295 2313 1381 2343 Μυκ,
1403 2314 1464 2343 Cr.;
1486 2322 1527 2337 ma
1547 2312 1560 2335 ἒ·
1579 2322 1685 2338 errore:
1707 2316 1729 2337 il
1745 2315 1777 2339 16
1796 2315 1882 2345 luglio
1897 2315 1932 2347 fu
1953 2313 2064 2339 venerd}
2085 2322 2098 2337 e
2122 2315 2146 2337 il
2167 2313 2200 2337 ιό

356 2364 458 2394 gruem)
485 2359 625 2385 mercoledi
645 2361 689 2383 nel
711 2360 776 2390 1361
804 2372 835 2376 —
865 2365 905 2388 17.
930 2358 957 2381 et
978 2358 1074 2381 avanti
1092 2365 1108 2380 a
1127 2357 1286 2387 Pancanum
1314 2365 1380 2389 agg.
1408 2358 1495 2387 ML'R„
1516 2358 1560 2382 Cr.
1576 2372 1586 2376 -
1600 2358 1721 2383 Panzani
1747 2359 1789 2385 Α,
1816 2359 1903 2388 Mus„
1926 2359 1984 2385 Cr.;
2004 2366 2046 2382 ma
2073 2358 2198 2382 Pae-uano

355 2414 401 2430 era
420 2406 499 2435 villa,
519 2412 569 2429 non
588 2405 709 2428 castello·
735 2401 908 2433 novembris]
931 2401 1097 2435 septembris
1120 2400 1205 2430 MUR„
1229 2402 1287 2426 Cn:
1314 2402 1393 2425 anche
1417 2402 1495 2432 nega*
1512 2402 1620 2426 Annali
1639 2403 1663 2427 il
1681 2403 1819 2427 Muratori
1844 2403 1901 2425 dice
1923 2404 1969 2426 nel
1989 2401 2136 2430 settembre,
2157 2410 2200 2425 ma

357 2458 405 2474 non
424 2451 478 2474 cita
502 2450 576 2473 altra
588 2450 671 2481 sonte
690 2449 734 2471 che
754 2447 833 2472 va.
859 2447 893 2471 da
914 2447 1057 2470 Bazzano:
1077 2453 1109 2468 un
1124 2445 1278 2476 passaggio
1298 2445 1328 2468 di
1345 2447 1447 2469 armati
1464 2447 1508 2469 nel
1524 2447 1663 2471 novembre
1689 2448 1751 2474 1561
1767 2450 1819 2477 per
1837 2447 1861 2471 il
1879 2447 2024 2478 Bolognese
2044 2444 2056 2467 ἕ
2077 2448 2199 2471 attestato

356 2497 404 2519 dal
426 2495 543 2528 Griffom'
562 2508 592 2510 f
617 2493 655 2517 18.
676 2495 704 2517 in
727 2490 936 2522 Lombardiam]
949 2492 1030 2523 jorse
1049 2490 1155 2514 dovezva
1174 2490 1300 2521 leg-geni
1311 2489 1340 2512 in
1355 2490 1585 2516 Nonantoianum
1601 2506 1631 2509 —
1649 2498 1688 2515 20.
1705 2493 1836 2516 Mantuae
1854 2498 1923 2515 corr.
1945 2491 2030 2518 Mum,
2059 2491 2117 2519 Cr.;
2137 2491 2198 2515 Mu-

356 2541 416 2564 tine
437 2540 466 2563 Α.
487 2552 498 2557 -
517 2539 625 2562 Revera
638 2545 706 2562 “orr-
721 2537 808 2566 MURu
830 2537 892 2565 Crw'
906 2536 1011 2560 Rssverss
1029 2530 1061 2558 Α·
1079 2547 1109 2551 -
1124 2540 1164 2565 ²3·
1186 2534 1227 2557 sta
1246 2533 1319 2563 quod
1340 2541 1407 2558 corr.
1429 2534 1515 2565 Mun„
1536 2537 1596 2564 Cr.;
1613 2537 1705 2567 itaque
1717 2537 1750 2559 A.
1765 2550 1795 2553 —-
1810 2542 1850 2567 ²9·
1865 2536 2014 2559 Alemania
2027 2541 2096 2559 corr.
2111 2535 2197 2564 Mun„

360 2585 419 2612 Cr.;
440 2582 586 2608 Ciemania
605 2582 636 2605 A.
658 2595 668 2599 -
689 2582 717 2604 in
734 2578 892 2610 Avenione]
907 2580 976 2603 etin
995 2577 1148 2603 Provincia
1163 2576 1248 2607 Mun..
1271 2578 1317 2601 Cr,
1341 2591 1372 2595 —
1392 2584 1434 2609 33.
1454 2579 1494 2603 ita
1512 2579 1586 2612 quod
1606 2587 1674 2604 corr.
1694 2580 1779 2610 Mum,
1802 2580 1861 2608 Cr.3
1883 2579 1975 2610 itaque
1993 2578 2025 2602 A.

358 2655 440 2686 quale
459 2654 597 2677 l'esercito
611 2654 635 2676 si
649 2650 779 2681 trovava)
799 2652 867 2675 anda
880 2651 909 2674 di
927 2654 993 2674 sotto
1013 2650 1068 2674 alla
1083 2648 1147 2672 citt&
1161 2652 1242 2672 Μυκη

359 2696 433 2729 (εἰοὲ
455 2705 468 2719 a
497 2694 677 2725 Corticella):
705 2700 749 2717 ma
768 2694 850 2717 credo
872 2692 1004 2723 migliore
1024 2691 1050 2715 la
1071 2691 1179 2714 lezione
1200 2691 1249 2713 che

359 2741 396 2764 ho
416 2738 575 2762 introdotta
596 2738 640 2760 nel
660 2738 743 2760 testo,
1160 2763 1164 2767 Ι

448 2780 453 2795 ¹
476 2779 532 2803 Ora
552 2779 606 2802 San
628 2778 751 2805 Ruffiiio,
772 2777 844 2801 sulla
866 2777 911 2800 vla
933 2776 960 2799 di
977 2776 1114 2799 Toscana.
1131 2774 1205 2798 fuori
1220 2774 1249 2797 di

361 2825 442 2855 porta
462 2823 550 2846 santo
570 2821 695 2845 Stesano.
717 2827 730 2843 a
752 2820 840 2842 molto
862 2826 942 2841 meno
969 2819 995 2841 di
1018 2819 1130 2848 quattro
1152 2816 1249 2847 miglia

456 2862 535 2887 vitta.

361 2865 457 2920 d⁸¹l²³2
477 2905 565 2936 Sopra
585 2904 611 2928 la
632 2904 769 2933 battaglia
790 2903 817 2925 di
839 2902 894 2925 San
914 2901 1030 2925 Ruffilio
1050 2906 1064 2924 e
1084 2900 1110 2923 la
1131 2906 1180 2923 sua
1200 2899 1250 2922 im-

361 2949 494 2980 portanza
509 2946 533 2969 si
546 2946 582 2969 cf.
596 2946 734 2970 VANcnu,
748 2947 787 2973 ap.
801 2944 853 2971 cia,
868 2950 913 2975 pp.
931 2940 1020 2973 56-58.
1059 2941 1098 2964 La
1113 2938 1161 2972 piri
1176 2947 1250 2964 com-

360 2991 439 3021 piuta
459 2988 636 3012 deserizione
651 2987 745 3010 antica
760 2985 787 3008 di
802 2991 860 3008 essa
874 2983 887 3008 *e
902 2984 993 3015 quella
1015 2983 1063 3006 che
1077 2983 1100 3006 si
1115 2983 1148 3006 ha
1167 2984 1193 3005 in
1209 2981 1248 3005 M.

1303 2650 1442 2680 V1LLAN1‚
1465 2652 1518 2680 Cr.‚
1538 2651 1570 2679 X,
1586 2658 1632 2683 59:
1652 2659 1707 2684 una
1721 2651 1813 2674 buona
1835 2650 1982 2677 reiazione‚
1997 2650 2042 2673 col
2063 2649 2198 2673 rafl‘ronto

1305 2692 1377 2716 delle
1391 2692 1465 2717 sonti
1479 2696 1722 2724 contemporanee,
1736 2691 1750 2716 'e
1766 2693 1795 2716 in
1810 2691 1964 2717 CAmeu.
1979 2692 2042 2714 Diz.
2054 2695 2140 2721 mont.‚
2151 2690 2198 2719 IV,

1305 2740 1428 2766 402-415.
1465 2735 1488 2758 ss
1509 2734 1625 2767 podesta
1641 2735 1667 2759 di
1689 2735 1817 2765 Bologna
1833 2733 1935 2757 caduto
1950 2733 1994 2757 nel
2010 2733 2139 2757 conflitto
2153 2740 2199 2757 era

1308 2777 1396 2800 Vasco
1418 2777 1584 2801 Fernandez.

1393 2817 1403 2832 3
1423 2819 1577 2843 Francesco
1597 2819 1697 2843 d'Este.
1717 2818 1754 2842 cf.
1775 2825 1800 2849 p.
1824 2823 1880 2848 152,
1902 2820 1969 2841 nota
1990 2823 2014 2848 5.

1396 2859 1405 2874 ⁴
1428 2861 1522 2885 Morte
1544 2861 1564 2884 il
1591 2868 1603 2884 2
1632 2861 1782 2884 novembre
1811 2858 1872 2890 1361
1897 2859 1916 2882 il
1937 2859 2076 2882 marchese
2096 2857 2198 2881 Aldu-0-

1308 2903 1432 2927 vandino
1453 2898 1499 2931 ῘΠ,
1519 2903 1558 2934 gli
1580 2902 1736 2926 succede-tte
1757 2901 1800 2925 nel
1821 2908 1948 2933 governo
1963 2901 1984 2924 il
2003 2901 2116 2924 fratello
2131 2899 2197 2923 Nic-

1307 2945 1370 2970 colo
1390 2946 1422 2973 Il,
1444 2947 1492 2970 che
1514 2953 1585 2969 resse
1606 2945 1634 2968 lo
1654 2946 1728 2969 stato
1749 2945 1812 2968 sino
1834 2944 1858 2967 al
1886 2942 1958 2974 1388.

2220 832 2257 862 10

2223 1096 2258 1127 15

2221 1360 2262 1392 20

2223 1626 2263 1657 25

2222 1891 2265 1922 30

2229 2658 2262 2675 20

2228 2868 2258 2893 ²5
