<?xml version="1.0" encoding="UTF-8"?>
<!DOCTYPE html PUBLIC "-//W3C//DTD XHTML 1.0 Transitional//EN"
    "http://www.w3.org/TR/xhtml1/DTD/xhtml1-transitional.dtd">
<html xmlns="http://www.w3.org/1999/xhtml" xml:lang="en" lang="en">
 <head>
  <title>
</title>
<meta http-equiv="Content-Type" content="text/html;charset=utf-8" />
  <meta name='ocr-system' content='tesseract 3.04.00' />
  <meta name='ocr-capabilities' content='ocr_page ocr_carea ocr_par ocr_line ocrx_word'/>
</head>
<body>
  <div class='ocr_page' id='page_1' title='image "./p4f2rerumitalica15murauoft_0068.png"; bbox 0 0 2318 3603; ppageno 0'>
   <div class='ocr_carea' id='block_1_1' title="bbox 112 582 168 601">
    <p class='ocr_par' dir='ltr' id='par_1_1' title="bbox 112 582 168 601">
     <span class='ocr_line' id='line_1_1' title="bbox 112 582 168 601; baseline -0.018 -2"><span class='ocrx_word' id='word_1_1' title='bbox 112 587 130 601; x_wconf 78' lang='lat' dir='ltr'>r,</span> <span class='ocrx_word' id='word_1_2' title='bbox 147 582 168 599; x_wconf 66' lang='lat'>³3</span> 
     </span>
    </p>
   </div>
   <div class='ocr_carea' id='block_1_2' title="bbox 186 581 196 598">
    <p class='ocr_par' dir='ltr' id='par_1_2' title="bbox 186 581 196 598">
     <span class='ocr_line' id='line_1_2' title="bbox 186 581 196 598; baseline 0 0"><span class='ocrx_word' id='word_1_3' title='bbox 186 581 196 598; x_wconf 74' lang='lat' dir='ltr'><em>b</em></span> 
     </span>
    </p>
   </div>
   <div class='ocr_carea' id='block_1_3' title="bbox 241 1699 272 1716">
    <p class='ocr_par' dir='ltr' id='par_1_3' title="bbox 241 1699 272 1716">
     <span class='ocr_line' id='line_1_3' title="bbox 241 1699 272 1716; baseline -0.032 0"><span class='ocrx_word' id='word_1_4' title='bbox 241 1699 272 1716; x_wconf 79' lang='lat' dir='ltr'>lo</span> 
     </span>
    </p>
   </div>
   <div class='ocr_carea' id='block_1_4' title="bbox 245 1912 272 1938">
    <p class='ocr_par' dir='ltr' id='par_1_4' title="bbox 245 1912 272 1938">
     <span class='ocr_line' id='line_1_4' title="bbox 245 1912 272 1938; baseline 0 0"><span class='ocrx_word' id='word_1_5' title='bbox 245 1912 272 1938; x_wconf 78' lang='grc' dir='ltr'>ι5</span> 
     </span>
    </p>
   </div>
   <div class='ocr_carea' id='block_1_5' title="bbox 248 2542 279 2565">
    <p class='ocr_par' dir='ltr' id='par_1_5' title="bbox 248 2542 279 2565">
     <span class='ocr_line' id='line_1_5' title="bbox 248 2542 279 2565; baseline 0.032 -9"><span class='ocrx_word' id='word_1_6' title='bbox 248 2542 279 2565; x_wconf 55' lang='lat'>30</span> 
     </span>
    </p>
   </div>
   <div class='ocr_carea' id='block_1_6' title="bbox 250 2756 281 2781">
    <p class='ocr_par' dir='ltr' id='par_1_6' title="bbox 250 2756 281 2781">
     <span class='ocr_line' id='line_1_6' title="bbox 250 2756 281 2781; baseline 0 0"><span class='ocrx_word' id='word_1_7' title='bbox 250 2756 281 2781; x_wconf 72' lang='lat'>33</span> 
     </span>
    </p>
   </div>
   <div class='ocr_carea' id='block_1_7' title="bbox 253 2969 285 2993">
    <p class='ocr_par' dir='ltr' id='par_1_7' title="bbox 253 2969 285 2993">
     <span class='ocr_line' id='line_1_7' title="bbox 253 2969 285 2993; baseline 0 -8"><span class='ocrx_word' id='word_1_8' title='bbox 253 2969 285 2993; x_wconf 63' lang='grc' dir='ltr'>,ψ</span> 
     </span>
    </p>
   </div>
   <div class='ocr_carea' id='block_1_8' title="bbox 884 235 2131 274">
    <p class='ocr_par' dir='ltr' id='par_1_8' title="bbox 884 235 2131 274">
     <span class='ocr_line' id='line_1_8' title="bbox 884 235 2131 274; baseline -0.006 0"><span class='ocrx_word' id='word_1_9' title='bbox 884 236 1196 274; x_wconf 89' lang='lat' dir='ltr'>CHRONICON</span> <span class='ocrx_word' id='word_1_10' title='bbox 1223 235 1536 271; x_wconf 90' lang='lat' dir='ltr'>MUTINENSE</span> <span class='ocrx_word' id='word_1_11' title='bbox 1967 238 2018 273; x_wconf 74' lang='lat' dir='ltr'>[A.</span> <span class='ocrx_word' id='word_1_12' title='bbox 2039 239 2131 272; x_wconf 76' lang='lat'>1³1³]</span> 
     </span>
    </p>
   </div>
   <div class='ocr_carea' id='block_1_9' title="bbox 307 303 2136 319">
    <p class='ocr_par' dir='ltr' id='par_1_9' title="bbox 307 303 2136 319">
     <span class='ocr_line' id='line_1_9' title="bbox 307 303 2136 319; baseline -0.005 0"><span class='ocrx_word' id='word_1_13' title='bbox 307 303 2136 319; x_wconf 65' lang='lat'>.......................................................................................................................................................................................................</span> 
     </span>
    </p>
   </div>
   <div class='ocr_carea' id='block_1_10' title="bbox 293 350 2143 1220">
    <p class='ocr_par' dir='ltr' id='par_1_10' title="bbox 293 350 2143 1220">
     <span class='ocr_line' id='line_1_10' title="bbox 294 350 2137 396; baseline -0.005 -5"><span class='ocrx_word' id='word_1_14' title='bbox 294 360 337 392; x_wconf 87' lang='lat' dir='ltr'>de</span> <span class='ocrx_word' id='word_1_15' title='bbox 354 358 506 391; x_wconf 84' lang='lat' dir='ltr'>Rodelia</span> <span class='ocrx_word' id='word_1_16' title='bbox 522 364 554 389; x_wconf 90' lang='lat' dir='ltr'>et</span> <span class='ocrx_word' id='word_1_17' title='bbox 578 358 622 389; x_wconf 90' lang='lat' dir='ltr'>de</span> <span class='ocrx_word' id='word_1_18' title='bbox 647 356 866 389; x_wconf 89' lang='lat' dir='ltr'>Guidonibus</span> <span class='ocrx_word' id='word_1_19' title='bbox 890 366 967 387; x_wconf 91' lang='lat' dir='ltr'>cum</span> <span class='ocrx_word' id='word_1_20' title='bbox 984 353 1187 396; x_wconf 85' lang='lat' dir='ltr'>sequacibus</span> <span class='ocrx_word' id='word_1_21' title='bbox 1211 353 1278 384; x_wconf 88' lang='lat' dir='ltr'>suis</span> <span class='ocrx_word' id='word_1_22' title='bbox 1292 352 1312 383; x_wconf 93' lang='lat'>¹.</span> <span class='ocrx_word' id='word_1_23' title='bbox 1338 352 1470 384; x_wconf 90' lang='lat' dir='ltr'>Eodem</span> <span class='ocrx_word' id='word_1_24' title='bbox 1493 352 1670 384; x_wconf 89' lang='lat' dir='ltr'>millesimo</span> <span class='ocrx_word' id='word_1_25' title='bbox 1695 351 1750 383; x_wconf 92' lang='lat' dir='ltr'>die</span> <span class='ocrx_word' id='word_1_26' title='bbox 1773 351 1875 382; x_wconf 89' lang='lat' dir='ltr'>lunae</span> <span class='ocrx_word' id='word_1_27' title='bbox 1897 351 1941 393; x_wconf 85' lang='lat' dir='ltr'>xij</span> <span class='ocrx_word' id='word_1_28' title='bbox 1969 350 2137 382; x_wconf 79' lang='lat' dir='ltr'>februarii</span> 
     </span>
     <span class='ocr_line' id='line_1_11' title="bbox 293 402 2139 452; baseline -0.005 -10"><span class='ocrx_word' id='word_1_29' title='bbox 293 411 449 443; x_wconf 83' lang='lat' dir='ltr'>dominus</span> <span class='ocrx_word' id='word_1_30' title='bbox 472 410 699 452; x_wconf 86' lang='lat' dir='ltr'>Raymundus</span> <span class='ocrx_word' id='word_1_31' title='bbox 716 409 759 440; x_wconf 91' lang='lat' dir='ltr'>de</span> <span class='ocrx_word' id='word_1_32' title='bbox 777 408 906 450; x_wconf 88' lang='lat' dir='ltr'>Spello,</span> <span class='ocrx_word' id='word_1_33' title='bbox 924 407 982 450; x_wconf 91' lang='lat' dir='ltr'>qui</span> <span class='ocrx_word' id='word_1_34' title='bbox 999 407 1113 438; x_wconf 76' lang='lat' dir='ltr'>fuerat</span> <span class='ocrx_word' id='word_1_35' title='bbox 1128 405 1286 437; x_wconf 89' lang='lat' dir='ltr'>Marchio</span> <span class='ocrx_word' id='word_1_36' title='bbox 1303 404 1485 436; x_wconf 76' lang='lat' dir='ltr'>Mai-chiae</span> <span class='ocrx_word' id='word_1_37' title='bbox 1501 404 1751 435; x_wconf 84' lang='lat' dir='ltr'>anchonitanae</span> <span class='ocrx_word' id='word_1_38' title='bbox 1766 412 1829 444; x_wconf 90' lang='lat' dir='ltr'>pro</span> <span class='ocrx_word' id='word_1_39' title='bbox 1847 403 2015 443; x_wconf 84' lang='lat' dir='ltr'>Ecclesia,</span> <span class='ocrx_word' id='word_1_40' title='bbox 2032 402 2139 433; x_wconf 84' lang='lat' dir='ltr'>affinis</span> 
     </span>
     <span class='ocr_line' id='line_1_12' title="bbox 295 454 2139 502; baseline -0.005 -7"><span class='ocrx_word' id='word_1_41' title='bbox 295 463 422 496; x_wconf 89' lang='lat' dir='ltr'>domini</span> <span class='ocrx_word' id='word_1_42' title='bbox 447 462 631 495; x_wconf 89' lang='lat' dir='ltr'>Clementis</span> <span class='ocrx_word' id='word_1_43' title='bbox 646 468 729 493; x_wconf 89' lang='lat' dir='ltr'>tunc</span> <span class='ocrx_word' id='word_1_44' title='bbox 746 461 872 502; x_wconf 87' lang='lat' dir='ltr'>Papae,</span> <span class='ocrx_word' id='word_1_45' title='bbox 897 459 1063 492; x_wconf 88' lang='lat' dir='ltr'>transiens</span> <span class='ocrx_word' id='word_1_46' title='bbox 1079 469 1140 500; x_wconf 90' lang='lat' dir='ltr'>per</span> <span class='ocrx_word' id='word_1_47' title='bbox 1156 457 1361 489; x_wconf 83' lang='lat' dir='ltr'>territorium</span> <span class='ocrx_word' id='word_1_48' title='bbox 1378 456 1531 488; x_wconf 87' lang='lat' dir='ltr'>Mutinae</span> <span class='ocrx_word' id='word_1_49' title='bbox 1548 467 1610 498; x_wconf 91' lang='lat' dir='ltr'>per</span> <span class='ocrx_word' id='word_1_50' title='bbox 1627 465 1846 497; x_wconf 90' lang='lat' dir='ltr'>campaneam</span> <span class='ocrx_word' id='word_1_51' title='bbox 1865 455 1982 486; x_wconf 86' lang='lat' dir='ltr'>Sancti</span> <span class='ocrx_word' id='word_1_52' title='bbox 2000 454 2139 486; x_wconf 91' lang='lat' dir='ltr'>Eusebii</span> 
     </span>
     <span class='ocr_line' id='line_1_13' title="bbox 294 507 2139 560; baseline -0.005 -12"><span class='ocrx_word' id='word_1_53' title='bbox 294 525 472 560; x_wconf 82' lang='lat' dir='ltr'>aggressus</span> <span class='ocrx_word' id='word_1_54' title='bbox 496 515 561 547; x_wconf 81' lang='lat' dir='ltr'>fuit</span> <span class='ocrx_word' id='word_1_55' title='bbox 585 525 605 545; x_wconf 89' lang='lat' dir='ltr'>a</span> <span class='ocrx_word' id='word_1_56' title='bbox 628 514 830 556; x_wconf 88' lang='lat' dir='ltr'>quibusdam</span> <span class='ocrx_word' id='word_1_57' title='bbox 858 511 1110 544; x_wconf 85' lang='lat' dir='ltr'>Mutinensibus</span> <span class='ocrx_word' id='word_1_58' title='bbox 1133 521 1210 542; x_wconf 86' lang='lat' dir='ltr'>cum</span> <span class='ocrx_word' id='word_1_59' title='bbox 1234 509 1467 552; x_wconf 88' lang='lat' dir='ltr'>stipendiariis</span> <span class='ocrx_word' id='word_1_60' title='bbox 1489 509 1557 541; x_wconf 91' lang='lat' dir='ltr'>suis</span> <span class='ocrx_word' id='word_1_61' title='bbox 1580 516 1613 541; x_wconf 92' lang='lat' dir='ltr'>et</span> <span class='ocrx_word' id='word_1_62' title='bbox 1637 508 1765 541; x_wconf 90' lang='lat' dir='ltr'>domini</span> <span class='ocrx_word' id='word_1_63' title='bbox 1789 507 1961 539; x_wconf 88' lang='lat' dir='ltr'>Passarini</span> <span class='ocrx_word' id='word_1_64' title='bbox 1987 514 2021 539; x_wconf 88' lang='lat' dir='ltr'>et</span> <span class='ocrx_word' id='word_1_65' title='bbox 2036 508 2139 540; x_wconf 85' lang='lat' dir='ltr'>inter-</span> 
     </span>
     <span class='ocr_line' id='line_1_14' title="bbox 297 560 2140 609; baseline -0.005 -9"><span class='ocrx_word' id='word_1_66' title='bbox 297 569 406 600; x_wconf 79' lang='lat' dir='ltr'>fectus</span> <span class='ocrx_word' id='word_1_67' title='bbox 437 574 470 599; x_wconf 86' lang='lat' dir='ltr'>et</span> <span class='ocrx_word' id='word_1_68' title='bbox 494 573 612 599; x_wconf 84' lang='lat' dir='ltr'>exutus</span> <span class='ocrx_word' id='word_1_69' title='bbox 636 577 712 598; x_wconf 90' lang='lat' dir='ltr'>cum</span> <span class='ocrx_word' id='word_1_70' title='bbox 736 573 838 609; x_wconf 85' lang='lat' dir='ltr'>gente</span> <span class='ocrx_word' id='word_1_71' title='bbox 862 564 936 597; x_wconf 87' lang='lat' dir='ltr'>sua&#39;</span> <span class='ocrx_word' id='word_1_72' title='bbox 960 571 993 596; x_wconf 90' lang='lat' dir='ltr'>et</span> <span class='ocrx_word' id='word_1_73' title='bbox 1016 564 1209 596; x_wconf 85' lang='lat' dir='ltr'>disrobatus</span> <span class='ocrx_word' id='word_1_74' title='bbox 1231 562 1268 593; x_wconf 89' lang='lat' dir='ltr'>in</span> <span class='ocrx_word' id='word_1_75' title='bbox 1292 562 1451 604; x_wconf 91' lang='lat' dir='ltr'>pecunia,</span> <span class='ocrx_word' id='word_1_76' title='bbox 1467 562 1502 593; x_wconf 90' lang='lat' dir='ltr'>in</span> <span class='ocrx_word' id='word_1_77' title='bbox 1526 562 1684 593; x_wconf 90' lang='lat' dir='ltr'>armentis</span> <span class='ocrx_word' id='word_1_78' title='bbox 1707 567 1741 592; x_wconf 93' lang='lat' dir='ltr'>et</span> <span class='ocrx_word' id='word_1_79' title='bbox 1764 560 1861 603; x_wconf 89' lang='lat' dir='ltr'>equis</span> <span class='ocrx_word' id='word_1_80' title='bbox 1884 566 1918 592; x_wconf 86' lang='lat' dir='ltr'>et</span> <span class='ocrx_word' id='word_1_81' title='bbox 1941 560 2016 591; x_wconf 84' lang='lat' dir='ltr'>aliis</span> <span class='ocrx_word' id='word_1_82' title='bbox 2038 560 2140 592; x_wconf 86' lang='lat' dir='ltr'>rebus</span> 
     </span>
     <span class='ocr_line' id='line_1_15' title="bbox 296 613 2141 657; baseline -0.005 -5"><span class='ocrx_word' id='word_1_83' title='bbox 296 620 478 653; x_wconf 87' lang='lat' dir='ltr'>mobilibus</span> <span class='ocrx_word' id='word_1_84' title='bbox 494 620 584 652; x_wconf 89' lang='lat' dir='ltr'>ultra</span> <span class='ocrx_word' id='word_1_85' title='bbox 600 619 751 651; x_wconf 88' lang='lat' dir='ltr'>valorem</span> <span class='ocrx_word' id='word_1_86' title='bbox 765 620 989 650; x_wconf 85' lang='lat' dir='ltr'>ducentorum</span> <span class='ocrx_word' id='word_1_87' title='bbox 1006 617 1135 648; x_wconf 90' lang='lat' dir='ltr'>milium</span> <span class='ocrx_word' id='word_1_88' title='bbox 1153 615 1385 657; x_wconf 89' lang='lat' dir='ltr'>[florenorum]</span> <span class='ocrx_word' id='word_1_89' title='bbox 1403 625 1598 646; x_wconf 88' lang='lat' dir='ltr'>aureorum:</span> <span class='ocrx_word' id='word_1_90' title='bbox 1617 614 1742 646; x_wconf 91' lang='lat' dir='ltr'>mortui</span> <span class='ocrx_word' id='word_1_91' title='bbox 1759 613 1806 645; x_wconf 91' lang='lat' dir='ltr'>ibi</span> <span class='ocrx_word' id='word_1_92' title='bbox 1822 613 1960 644; x_wconf 77' lang='lat' dir='ltr'>fuerunt</span> <span class='ocrx_word' id='word_1_93' title='bbox 1977 613 2069 644; x_wconf 89' lang='lat' dir='ltr'>circa</span> <span class='ocrx_word' id='word_1_94' title='bbox 2081 622 2141 644; x_wconf 81' lang='lat' dir='ltr'>Lx.</span> 
     </span>
     <span class='ocr_line' id='line_1_16' title="bbox 296 665 2141 715; baseline -0.005 -10"><span class='ocrx_word' id='word_1_95' title='bbox 296 674 381 706; x_wconf 90' lang='lat' dir='ltr'>socii</span> <span class='ocrx_word' id='word_1_96' title='bbox 397 673 503 715; x_wconf 89' lang='lat' dir='ltr'>ipsius</span> <span class='ocrx_word' id='word_1_97' title='bbox 520 673 650 705; x_wconf 91' lang='lat' dir='ltr'>domini</span> <span class='ocrx_word' id='word_1_98' title='bbox 666 671 880 704; x_wconf 88' lang='lat' dir='ltr'>Marchionis</span> <span class='ocrx_word' id='word_1_99' title='bbox 891 670 914 702; x_wconf 79' lang='lat'>².</span> <span class='ocrx_word' id='word_1_100' title='bbox 940 671 1073 702; x_wconf 86' lang='lat' dir='ltr'>Eodem</span> <span class='ocrx_word' id='word_1_101' title='bbox 1091 669 1266 701; x_wconf 89' lang='lat' dir='ltr'>millesimo</span> <span class='ocrx_word' id='word_1_102' title='bbox 1284 668 1377 699; x_wconf 89' lang='lat' dir='ltr'>circa</span> <span class='ocrx_word' id='word_1_103' title='bbox 1390 667 1539 699; x_wconf 91' lang='lat' dir='ltr'>medium</span> <span class='ocrx_word' id='word_1_104' title='bbox 1555 668 1682 698; x_wconf 83' lang='lat' dir='ltr'>mensis</span> <span class='ocrx_word' id='word_1_105' title='bbox 1697 666 1817 698; x_wconf 87' lang='lat' dir='ltr'>marcii</span> <span class='ocrx_word' id='word_1_106' title='bbox 1830 666 1972 697; x_wconf 86' lang='lat' dir='ltr'>recessit</span> <span class='ocrx_word' id='word_1_107' title='bbox 1985 665 2141 697; x_wconf 90' lang='lat' dir='ltr'>dominus</span> 
     </span>
     <span class='ocr_line' id='line_1_17' title="bbox 294 715 2141 766; baseline -0.005 -10"><span class='ocrx_word' id='word_1_108' title='bbox 294 725 481 766; x_wconf 87' lang='lat' dir='ltr'>Imperator</span> <span class='ocrx_word' id='word_1_109' title='bbox 498 723 668 755; x_wconf 79' lang='lat' dir='ltr'>Hemicus</span> <span class='ocrx_word' id='word_1_110' title='bbox 685 723 752 764; x_wconf 93' lang='lat' dir='ltr'>[ab]</span> <span class='ocrx_word' id='word_1_111' title='bbox 770 722 949 754; x_wconf 87' lang='lat' dir='ltr'>obsidione</span> <span class='ocrx_word' id='word_1_112' title='bbox 966 720 1115 752; x_wconf 86' lang='lat' dir='ltr'>civitatis</span> <span class='ocrx_word' id='word_1_113' title='bbox 1131 719 1336 755; x_wconf 80' lang='lat' dir='ltr'>Florentiae,</span> <span class='ocrx_word' id='word_1_114' title='bbox 1352 718 1409 749; x_wconf 92' lang='lat' dir='ltr'>ubi</span> <span class='ocrx_word' id='word_1_115' title='bbox 1434 719 1545 749; x_wconf 79' lang='lat' dir='ltr'>fuerat</span> <span class='ocrx_word' id='word_1_116' title='bbox 1560 729 1622 759; x_wconf 89' lang='lat' dir='ltr'>per</span> <span class='ocrx_word' id='word_1_117' title='bbox 1639 719 1684 761; x_wconf 67' lang='grc' dir='ltr'>η’.</span> <span class='ocrx_word' id='word_1_118' title='bbox 1701 726 1844 753; x_wconf 88' lang='lat' dir='ltr'>menses,</span> <span class='ocrx_word' id='word_1_119' title='bbox 1858 722 1892 748; x_wconf 86' lang='lat' dir='ltr'>et</span> <span class='ocrx_word' id='word_1_120' title='bbox 1904 716 1965 748; x_wconf 90' lang='lat' dir='ltr'>ivit</span> <span class='ocrx_word' id='word_1_121' title='bbox 1980 715 2076 747; x_wconf 89' lang='lat' dir='ltr'>Pisas</span> <span class='ocrx_word' id='word_1_122' title='bbox 2088 726 2141 747; x_wconf 89' lang='lat' dir='ltr'>re-</span> 
     </span>
     <span class='ocr_line' id='line_1_18' title="bbox 294 766 2140 816; baseline -0.005 -10"><span class='ocrx_word' id='word_1_123' title='bbox 294 775 375 806; x_wconf 91' lang='lat' dir='ltr'>licto</span> <span class='ocrx_word' id='word_1_124' title='bbox 406 784 530 816; x_wconf 82' lang='lat' dir='ltr'>magno</span> <span class='ocrx_word' id='word_1_125' title='bbox 562 780 728 815; x_wconf 88' lang='lat' dir='ltr'>apparatu</span> <span class='ocrx_word' id='word_1_126' title='bbox 752 779 785 805; x_wconf 89' lang='lat' dir='ltr'>et</span> <span class='ocrx_word' id='word_1_127' title='bbox 808 773 890 804; x_wconf 74' lang='lat' dir='ltr'>forti</span> <span class='ocrx_word' id='word_1_128' title='bbox 914 772 948 802; x_wconf 92' lang='lat' dir='ltr'>in</span> <span class='ocrx_word' id='word_1_129' title='bbox 972 771 1093 804; x_wconf 90' lang='lat' dir='ltr'>Castro</span> <span class='ocrx_word' id='word_1_130' title='bbox 1125 769 1306 812; x_wconf 87' lang='lat' dir='ltr'>Imperiali,</span> <span class='ocrx_word' id='word_1_131' title='bbox 1341 769 1433 811; x_wconf 91' lang='lat' dir='ltr'>quod</span> <span class='ocrx_word' id='word_1_132' title='bbox 1464 768 1536 809; x_wconf 92' lang='lat' dir='ltr'>ipse</span> <span class='ocrx_word' id='word_1_133' title='bbox 1568 768 1730 799; x_wconf 86' lang='lat' dir='ltr'>edificare</span> <span class='ocrx_word' id='word_1_134' title='bbox 1762 768 1895 799; x_wconf 81' lang='lat' dir='ltr'>fecerat</span> <span class='ocrx_word' id='word_1_135' title='bbox 1919 767 1954 797; x_wconf 90' lang='lat' dir='ltr'>in</span> <span class='ocrx_word' id='word_1_136' title='bbox 1978 766 2140 798; x_wconf 79' lang='lat' dir='ltr'>comitatu</span> 
     </span>
     <span class='ocr_line' id='line_1_19' title="bbox 296 816 2140 866; baseline -0.005 -10"><span class='ocrx_word' id='word_1_137' title='bbox 296 823 501 862; x_wconf 87' lang='lat' dir='ltr'>Florentiae,</span> <span class='ocrx_word' id='word_1_138' title='bbox 534 825 628 866; x_wconf 88' lang='lat' dir='ltr'>quod</span> <span class='ocrx_word' id='word_1_139' title='bbox 651 830 729 855; x_wconf 88' lang='lat' dir='ltr'>ante</span> <span class='ocrx_word' id='word_1_140' title='bbox 760 822 948 855; x_wconf 87' lang='lat' dir='ltr'>vocabatur</span> <span class='ocrx_word' id='word_1_141' title='bbox 971 821 1117 853; x_wconf 91' lang='lat' dir='ltr'>Podium</span> <span class='ocrx_word' id='word_1_142' title='bbox 1140 820 1278 852; x_wconf 90' lang='lat' dir='ltr'>Bonici:</span> <span class='ocrx_word' id='word_1_143' title='bbox 1312 830 1414 851; x_wconf 88' lang='lat' dir='ltr'>causa</span> <span class='ocrx_word' id='word_1_144' title='bbox 1445 818 1496 850; x_wconf 92' lang='lat' dir='ltr'>sui</span> <span class='ocrx_word' id='word_1_145' title='bbox 1526 828 1681 849; x_wconf 88' lang='lat' dir='ltr'>reversus</span> <span class='ocrx_word' id='word_1_146' title='bbox 1713 818 1800 858; x_wconf 79' lang='lat' dir='ltr'>[fuit]</span> <span class='ocrx_word' id='word_1_147' title='bbox 1834 818 1993 849; x_wconf 82' lang='lat' dir='ltr'>defectus</span> <span class='ocrx_word' id='word_1_148' title='bbox 2024 816 2140 858; x_wconf 84' lang='lat' dir='ltr'>pabuli</span> 
     </span>
     <span class='ocr_line' id='line_1_20' title="bbox 295 868 2130 917; baseline -0.005 -10"><span class='ocrx_word' id='word_1_149' title='bbox 295 885 468 917; x_wconf 89' lang='lat' dir='ltr'>equorum.</span> <span class='ocrx_word' id='word_1_150' title='bbox 515 875 554 906; x_wconf 92' lang='lat' dir='ltr'>In</span> <span class='ocrx_word' id='word_1_151' title='bbox 585 884 653 916; x_wconf 88' lang='lat' dir='ltr'>quo</span> <span class='ocrx_word' id='word_1_152' title='bbox 684 874 835 906; x_wconf 82' lang='lat' dir='ltr'>exercitu</span> <span class='ocrx_word' id='word_1_153' title='bbox 864 873 949 904; x_wconf 81' lang='lat' dir='ltr'>fecit</span> <span class='ocrx_word' id='word_1_154' title='bbox 972 878 1101 914; x_wconf 87' lang='lat' dir='ltr'>strages</span> <span class='ocrx_word' id='word_1_155' title='bbox 1124 872 1310 908; x_wconf 87' lang='lat' dir='ltr'>hominum,</span> <span class='ocrx_word' id='word_1_156' title='bbox 1335 869 1465 911; x_wconf 85' lang='lat' dir='ltr'>dirupit</span> <span class='ocrx_word' id='word_1_157' title='bbox 1486 868 1625 910; x_wconf 89' lang='lat' dir='ltr'>palatia,</span> <span class='ocrx_word' id='word_1_158' title='bbox 1649 876 1756 900; x_wconf 81' lang='lat' dir='ltr'>turres</span> <span class='ocrx_word' id='word_1_159' title='bbox 1780 874 1814 899; x_wconf 86' lang='lat' dir='ltr'>et</span> <span class='ocrx_word' id='word_1_160' title='bbox 1838 868 1960 899; x_wconf 88' lang='lat' dir='ltr'>domos</span> <span class='ocrx_word' id='word_1_161' title='bbox 1982 868 2130 898; x_wconf 89' lang='lat' dir='ltr'>infinitas</span> 
     </span>
     <span class='ocr_line' id='line_1_21' title="bbox 297 918 2143 967; baseline -0.005 -10"><span class='ocrx_word' id='word_1_162' title='bbox 297 931 331 957; x_wconf 91' lang='lat' dir='ltr'>et</span> <span class='ocrx_word' id='word_1_163' title='bbox 362 925 502 967; x_wconf 88' lang='lat' dir='ltr'>rapinas</span> <span class='ocrx_word' id='word_1_164' title='bbox 531 926 654 956; x_wconf 89' lang='lat' dir='ltr'>multas</span> <span class='ocrx_word' id='word_1_165' title='bbox 686 924 797 956; x_wconf 90' lang='lat' dir='ltr'>intulit</span> <span class='ocrx_word' id='word_1_166' title='bbox 828 925 863 955; x_wconf 88' lang='lat' dir='ltr'>in</span> <span class='ocrx_word' id='word_1_167' title='bbox 897 924 1059 955; x_wconf 88' lang='lat' dir='ltr'>comitatu</span> <span class='ocrx_word' id='word_1_168' title='bbox 1090 922 1383 957; x_wconf 83' lang='lat' dir='ltr'>Florentinorum3</span> <span class='ocrx_word' id='word_1_169' title='bbox 1417 926 1450 951; x_wconf 90' lang='lat' dir='ltr'>et</span> <span class='ocrx_word' id='word_1_170' title='bbox 1473 920 1618 951; x_wconf 78' lang='lat' dir='ltr'>existens</span> <span class='ocrx_word' id='word_1_171' title='bbox 1641 918 1727 950; x_wconf 92' lang='lat' dir='ltr'>Pisis</span> <span class='ocrx_word' id='word_1_172' title='bbox 1750 918 1871 950; x_wconf 88' lang='lat' dir='ltr'>multas</span> <span class='ocrx_word' id='word_1_173' title='bbox 1894 918 2032 960; x_wconf 86' lang='lat' dir='ltr'>rapinas</span> <span class='ocrx_word' id='word_1_174' title='bbox 2056 918 2143 949; x_wconf 73' lang='lat' dir='ltr'>fecit</span> 
     </span>
     <span class='ocr_line' id='line_1_22' title="bbox 296 967 2141 1017; baseline -0.005 -10"><span class='ocrx_word' id='word_1_175' title='bbox 296 976 447 1008; x_wconf 85' lang='lat' dir='ltr'>Lucanis</span> <span class='ocrx_word' id='word_1_176' title='bbox 478 976 514 1007; x_wconf 88' lang='lat' dir='ltr'>in</span> <span class='ocrx_word' id='word_1_177' title='bbox 538 975 693 1017; x_wconf 89' lang='lat' dir='ltr'>personis</span> <span class='ocrx_word' id='word_1_178' title='bbox 718 981 751 1006; x_wconf 91' lang='lat' dir='ltr'>et</span> <span class='ocrx_word' id='word_1_179' title='bbox 772 974 874 1006; x_wconf 88' lang='lat' dir='ltr'>rebus</span> <span class='ocrx_word' id='word_1_180' title='bbox 887 972 909 1006; x_wconf 79' lang='lat'>³.</span> <span class='ocrx_word' id='word_1_181' title='bbox 956 973 1088 1005; x_wconf 89' lang='lat' dir='ltr'>Eodem</span> <span class='ocrx_word' id='word_1_182' title='bbox 1120 971 1299 1003; x_wconf 89' lang='lat' dir='ltr'>millesimo</span> <span class='ocrx_word' id='word_1_183' title='bbox 1332 969 1508 1013; x_wconf 84' lang='lat' dir='ltr'>M.cccxiij</span> <span class='ocrx_word' id='word_1_184' title='bbox 1536 969 1590 1001; x_wconf 91' lang='lat' dir='ltr'>die</span> <span class='ocrx_word' id='word_1_185' title='bbox 1613 968 1721 1000; x_wconf 89' lang='lat' dir='ltr'>sabati</span> <span class='ocrx_word' id='word_1_186' title='bbox 1752 968 1855 1011; x_wconf 82' lang='lat' dir='ltr'>xxviij</span> <span class='ocrx_word' id='word_1_187' title='bbox 1889 968 2007 1009; x_wconf 86' lang='lat' dir='ltr'>aprilis</span> <span class='ocrx_word' id='word_1_188' title='bbox 2038 967 2141 999; x_wconf 84' lang='lat' dir='ltr'>exivit</span> 
     </span>
     <span class='ocr_line' id='line_1_23' title="bbox 299 1014 2141 1066; baseline -0.006 -7"><span class='ocrx_word' id='word_1_189' title='bbox 299 1027 455 1059; x_wconf 88' lang='lat' dir='ltr'>dominus</span> <span class='ocrx_word' id='word_1_190' title='bbox 477 1026 681 1059; x_wconf 89' lang='lat' dir='ltr'>Franciscus</span> <span class='ocrx_word' id='word_1_191' title='bbox 705 1026 748 1058; x_wconf 91' lang='lat' dir='ltr'>de</span> <span class='ocrx_word' id='word_1_192' title='bbox 771 1024 978 1061; x_wconf 85' lang='lat' dir='ltr'>Mirandula,</span> <span class='ocrx_word' id='word_1_193' title='bbox 1003 1024 1061 1066; x_wconf 90' lang='lat' dir='ltr'>qui</span> <span class='ocrx_word' id='word_1_194' title='bbox 1086 1028 1187 1055; x_wconf 84' lang='lat' dir='ltr'>antea</span> <span class='ocrx_word' id='word_1_195' title='bbox 1211 1027 1283 1054; x_wconf 88' lang='lat' dir='ltr'>erat</span> <span class='ocrx_word' id='word_1_196' title='bbox 1306 1021 1466 1053; x_wconf 85' lang='lat' dir='ltr'>vicarius</span> <span class='ocrx_word' id='word_1_197' title='bbox 1490 1019 1636 1051; x_wconf 84' lang='lat' dir='ltr'>civitatis</span> <span class='ocrx_word' id='word_1_198' title='bbox 1659 1019 1812 1051; x_wconf 89' lang='lat' dir='ltr'>Mutinae</span> <span class='ocrx_word' id='word_1_199' title='bbox 1839 1028 1902 1060; x_wconf 91' lang='lat' dir='ltr'>pro</span> <span class='ocrx_word' id='word_1_200' title='bbox 1919 1014 2057 1050; x_wconf 88' lang='lat' dir='ltr'>domino</span> <span class='ocrx_word' id='word_1_201' title='bbox 2076 1018 2141 1049; x_wconf 88' lang='lat' dir='ltr'>Im-</span> 
     </span>
     <span class='ocr_line' id='line_1_24' title="bbox 296 1068 2143 1119; baseline -0.005 -10"><span class='ocrx_word' id='word_1_202' title='bbox 296 1083 465 1119; x_wconf 87' lang='lat' dir='ltr'>peratore,</span> <span class='ocrx_word' id='word_1_203' title='bbox 480 1078 523 1109; x_wconf 93' lang='lat' dir='ltr'>de</span> <span class='ocrx_word' id='word_1_204' title='bbox 541 1076 739 1109; x_wconf 83' lang='lat' dir='ltr'>carceribus</span> <span class='ocrx_word' id='word_1_205' title='bbox 755 1087 873 1109; x_wconf 91' lang='lat' dir='ltr'>eorum</span> <span class='ocrx_word' id='word_1_206' title='bbox 887 1076 930 1107; x_wconf 89' lang='lat' dir='ltr'>de</span> <span class='ocrx_word' id='word_1_207' title='bbox 948 1075 1094 1111; x_wconf 90' lang='lat' dir='ltr'>Sassolo,</span> <span class='ocrx_word' id='word_1_208' title='bbox 1111 1073 1169 1105; x_wconf 92' lang='lat' dir='ltr'>ubi</span> <span class='ocrx_word' id='word_1_209' title='bbox 1185 1073 1297 1104; x_wconf 76' lang='lat' dir='ltr'>fuerat</span> <span class='ocrx_word' id='word_1_210' title='bbox 1313 1071 1398 1114; x_wconf 86' lang='lat' dir='ltr'>viiij.</span> <span class='ocrx_word' id='word_1_211' title='bbox 1416 1070 1586 1102; x_wconf 89' lang='lat' dir='ltr'>mensibus</span> <span class='ocrx_word' id='word_1_212' title='bbox 1603 1076 1636 1101; x_wconf 90' lang='lat' dir='ltr'>et</span> <span class='ocrx_word' id='word_1_213' title='bbox 1651 1080 1706 1102; x_wconf 79' lang='lat' dir='ltr'>xx.</span> <span class='ocrx_word' id='word_1_214' title='bbox 1724 1069 1853 1106; x_wconf 88' lang='lat' dir='ltr'>diebus,</span> <span class='ocrx_word' id='word_1_215' title='bbox 1869 1069 1955 1100; x_wconf 93' lang='lat' dir='ltr'>datis</span> <span class='ocrx_word' id='word_1_216' title='bbox 1965 1068 2143 1101; x_wconf 86' lang='lat' dir='ltr'>obsidibus</span> 
     </span>
     <span class='ocr_line' id='line_1_25' title="bbox 299 1119 2142 1166; baseline -0.005 -7"><span class='ocrx_word' id='word_1_217' title='bbox 299 1134 332 1160; x_wconf 85' lang='lat' dir='ltr'>et</span> <span class='ocrx_word' id='word_1_218' title='bbox 355 1127 609 1160; x_wconf 85' lang='lat' dir='ltr'>fideiussoribus</span> <span class='ocrx_word' id='word_1_219' title='bbox 633 1127 765 1159; x_wconf 92' lang='lat' dir='ltr'>duobus</span> <span class='ocrx_word' id='word_1_220' title='bbox 788 1127 866 1158; x_wconf 87' lang='lat' dir='ltr'>filiis</span> <span class='ocrx_word' id='word_1_221' title='bbox 889 1126 967 1164; x_wconf 82' lang='lat' dir='ltr'>suis,</span> <span class='ocrx_word' id='word_1_222' title='bbox 991 1131 1024 1157; x_wconf 91' lang='lat' dir='ltr'>et</span> <span class='ocrx_word' id='word_1_223' title='bbox 1048 1131 1167 1166; x_wconf 85' lang='lat' dir='ltr'>postea</span> <span class='ocrx_word' id='word_1_224' title='bbox 1190 1123 1290 1156; x_wconf 87' lang='lat' dir='ltr'>solvit</span> <span class='ocrx_word' id='word_1_225' title='bbox 1320 1133 1384 1164; x_wconf 92' lang='lat' dir='ltr'>pro</span> <span class='ocrx_word' id='word_1_226' title='bbox 1412 1127 1492 1153; x_wconf 77' lang='lat' dir='ltr'>taxa</span> <span class='ocrx_word' id='word_1_227' title='bbox 1516 1120 1737 1153; x_wconf 85' lang='lat' dir='ltr'>liberacionis</span> <span class='ocrx_word' id='word_1_228' title='bbox 1761 1126 1904 1162; x_wconf 89' lang='lat' dir='ltr'>quatuor</span> <span class='ocrx_word' id='word_1_229' title='bbox 1928 1119 2020 1150; x_wconf 88' lang='lat' dir='ltr'>milia</span> <span class='ocrx_word' id='word_1_230' title='bbox 2042 1119 2142 1150; x_wconf 91' lang='lat' dir='ltr'>flore-</span> 
     </span>
     <span class='ocr_line' id='line_1_26' title="bbox 298 1169 2141 1220; baseline -0.005 -11"><span class='ocrx_word' id='word_1_231' title='bbox 298 1188 419 1210; x_wconf 88' lang='lat' dir='ltr'>norum</span> <span class='ocrx_word' id='word_1_232' title='bbox 437 1178 546 1219; x_wconf 85' lang='lat' dir='ltr'>[auri]‚</span> <span class='ocrx_word' id='word_1_233' title='bbox 565 1177 792 1220; x_wconf 84' lang='lat' dir='ltr'>compensatis</span> <span class='ocrx_word' id='word_1_234' title='bbox 808 1176 1011 1220; x_wconf 87' lang='lat' dir='ltr'>quibusdam</span> <span class='ocrx_word' id='word_1_235' title='bbox 1030 1175 1212 1207; x_wconf 85' lang='lat' dir='ltr'>carceratis</span> <span class='ocrx_word' id='word_1_236' title='bbox 1228 1173 1263 1204; x_wconf 90' lang='lat' dir='ltr'>in</span> <span class='ocrx_word' id='word_1_237' title='bbox 1281 1171 1474 1204; x_wconf 87' lang='lat' dir='ltr'>carceribus</span> <span class='ocrx_word' id='word_1_238' title='bbox 1490 1171 1645 1203; x_wconf 89' lang='lat' dir='ltr'>Mutinae</span> <span class='ocrx_word' id='word_1_239' title='bbox 1663 1170 1720 1212; x_wconf 90' lang='lat' dir='ltr'>qui</span> <span class='ocrx_word' id='word_1_240' title='bbox 1737 1176 1819 1202; x_wconf 89' lang='lat' dir='ltr'>tunc</span> <span class='ocrx_word' id='word_1_241' title='bbox 1835 1170 1975 1202; x_wconf 83' lang='lat' dir='ltr'>relaxati</span> <span class='ocrx_word' id='word_1_242' title='bbox 1992 1169 2141 1206; x_wconf 77' lang='lat' dir='ltr'>fuerunt,</span> 
     </span>
    </p>
   </div>
   <div class='ocr_carea' id='block_1_11' title="bbox 301 1280 2143 1574">
    <p class='ocr_par' dir='ltr' id='par_1_11' title="bbox 301 1280 2143 1574">
     <span class='ocr_line' id='line_1_27' title="bbox 388 1280 2142 1322; baseline -0.005 -8"><span class='ocrx_word' id='word_1_243' title='bbox 388 1298 411 1315; x_wconf 89' lang='lat'>2.</span> <span class='ocrx_word' id='word_1_244' title='bbox 440 1291 621 1322; x_wconf 82' lang='lat' dir='ltr'>Raymondus</span> <span class='ocrx_word' id='word_1_245' title='bbox 641 1291 675 1315; x_wconf 76' lang='lat' dir='ltr'>A.</span> <span class='ocrx_word' id='word_1_246' title='bbox 696 1304 705 1308; x_wconf 93' lang='lat'>-</span> <span class='ocrx_word' id='word_1_247' title='bbox 725 1292 830 1322; x_wconf 82' lang='lat' dir='ltr'>qui....</span> <span class='ocrx_word' id='word_1_248' title='bbox 853 1290 977 1314; x_wconf 82' lang='lat' dir='ltr'>Ecclesia</span> <span class='ocrx_word' id='word_1_249' title='bbox 997 1297 1044 1312; x_wconf 79' lang='lat' dir='ltr'>om.</span> <span class='ocrx_word' id='word_1_250' title='bbox 1068 1289 1112 1312; x_wconf 90' lang='lat' dir='ltr'>Cr.</span> <span class='ocrx_word' id='word_1_251' title='bbox 1133 1301 1164 1305; x_wconf 90' lang='lat'>—</span> <span class='ocrx_word' id='word_1_252' title='bbox 1187 1294 1209 1317; x_wconf 76' lang='lat'>3.</span> <span class='ocrx_word' id='word_1_253' title='bbox 1229 1286 1305 1317; x_wconf 86' lang='lat' dir='ltr'>Papa</span> <span class='ocrx_word' id='word_1_254' title='bbox 1326 1286 1367 1315; x_wconf 59' lang='lat' dir='ltr'>A„</span> <span class='ocrx_word' id='word_1_255' title='bbox 1389 1285 1434 1309; x_wconf 90' lang='lat' dir='ltr'>Cr.</span> <span class='ocrx_word' id='word_1_256' title='bbox 1456 1297 1487 1301; x_wconf 93' lang='lat'><em>-</em></span> <span class='ocrx_word' id='word_1_257' title='bbox 1509 1293 1532 1315; x_wconf 82' lang='lat'>4.</span> <span class='ocrx_word' id='word_1_258' title='bbox 1553 1282 1711 1315; x_wconf 77' lang='lat' dir='ltr'>aggressus]</span> <span class='ocrx_word' id='word_1_259' title='bbox 1725 1283 1776 1307; x_wconf 71' lang='lat' dir='ltr'>cosi</span> <span class='ocrx_word' id='word_1_260' title='bbox 1791 1282 1884 1310; x_wconf 78' lang='lat' dir='ltr'>MUR.;</span> <span class='ocrx_word' id='word_1_261' title='bbox 1899 1288 2024 1314; x_wconf 84' lang='lat' dir='ltr'>egressus</span> <span class='ocrx_word' id='word_1_262' title='bbox 2037 1280 2080 1309; x_wconf 77' lang='lat' dir='ltr'>A..</span> <span class='ocrx_word' id='word_1_263' title='bbox 2096 1282 2142 1306; x_wconf 86' lang='lat' dir='ltr'>Cr.</span> 
     </span>
     <span class='ocr_line' id='line_1_28' title="bbox 309 1323 2141 1363; baseline -0.007 -5"><span class='ocrx_word' id='word_1_264' title='bbox 309 1347 334 1350; x_wconf 93' lang='lat'><em>-</em></span> <span class='ocrx_word' id='word_1_265' title='bbox 356 1340 378 1363; x_wconf 78' lang='lat'>5.</span> <span class='ocrx_word' id='word_1_266' title='bbox 399 1332 509 1363; x_wconf 79' lang='lat' dir='ltr'>exutus]</span> <span class='ocrx_word' id='word_1_267' title='bbox 531 1334 581 1357; x_wconf 71' lang='lat' dir='ltr'>cosi</span> <span class='ocrx_word' id='word_1_268' title='bbox 603 1333 696 1362; x_wconf 58' lang='lat' dir='ltr'>Mum:</span> <span class='ocrx_word' id='word_1_269' title='bbox 717 1333 845 1356; x_wconf 82' lang='lat' dir='ltr'>exulatus</span> <span class='ocrx_word' id='word_1_270' title='bbox 867 1332 907 1359; x_wconf 72' lang='lat' dir='ltr'>A..</span> <span class='ocrx_word' id='word_1_271' title='bbox 930 1332 974 1355; x_wconf 89' lang='lat' dir='ltr'>Cr.</span> <span class='ocrx_word' id='word_1_272' title='bbox 989 1344 999 1348; x_wconf 99' lang='lat'>-</span> <span class='ocrx_word' id='word_1_273' title='bbox 1013 1330 1166 1354; x_wconf 85' lang='lat' dir='ltr'>disrobatis</span> <span class='ocrx_word' id='word_1_274' title='bbox 1184 1329 1230 1354; x_wconf 69' lang='lat' dir='ltr'>A:</span> <span class='ocrx_word' id='word_1_275' title='bbox 1251 1327 1394 1351; x_wconf 83' lang='lat' dir='ltr'>derobatis</span> <span class='ocrx_word' id='word_1_276' title='bbox 1417 1327 1477 1350; x_wconf 85' lang='lat' dir='ltr'>Cr.:</span> <span class='ocrx_word' id='word_1_277' title='bbox 1492 1325 1643 1349; x_wconf 86' lang='lat' dir='ltr'>derobatus</span> <span class='ocrx_word' id='word_1_278' title='bbox 1658 1325 1735 1348; x_wconf 60' lang='lat' dir='ltr'>Mum</span> <span class='ocrx_word' id='word_1_279' title='bbox 1750 1337 1759 1341; x_wconf 99' lang='lat'>-</span> <span class='ocrx_word' id='word_1_280' title='bbox 1774 1323 1919 1354; x_wconf 88' lang='lat' dir='ltr'>armentis]</span> <span class='ocrx_word' id='word_1_281' title='bbox 1934 1324 1984 1347; x_wconf 65' lang='lat' dir='ltr'>cosi</span> <span class='ocrx_word' id='word_1_282' title='bbox 2000 1323 2041 1351; x_wconf 61' lang='lat' dir='ltr'>A„</span> <span class='ocrx_word' id='word_1_283' title='bbox 2056 1323 2141 1347; x_wconf 68' lang='lat' dir='ltr'>Mun..</span> 
     </span>
     <span class='ocr_line' id='line_1_29' title="bbox 304 1365 2142 1406; baseline -0.007 -6"><span class='ocrx_word' id='word_1_284' title='bbox 304 1376 364 1403; x_wconf 84' lang='lat' dir='ltr'>cr.;</span> <span class='ocrx_word' id='word_1_285' title='bbox 384 1376 552 1399; x_wconf 73' lang='lat' dir='ltr'>armaturis?</span> <span class='ocrx_word' id='word_1_286' title='bbox 573 1389 605 1393; x_wconf 96' lang='lat'><strong>—</strong></span> <span class='ocrx_word' id='word_1_287' title='bbox 625 1374 649 1399; x_wconf 90' lang='lat'>6.</span> <span class='ocrx_word' id='word_1_288' title='bbox 670 1374 835 1406; x_wconf 86' lang='lat' dir='ltr'>mobilibus]</span> <span class='ocrx_word' id='word_1_289' title='bbox 856 1375 906 1398; x_wconf 77' lang='lat' dir='ltr'>cosi</span> <span class='ocrx_word' id='word_1_290' title='bbox 932 1374 1024 1401; x_wconf 72' lang='lat' dir='ltr'>Mun.;</span> <span class='ocrx_word' id='word_1_291' title='bbox 1046 1372 1192 1396; x_wconf 88' lang='lat' dir='ltr'>nobilibus</span> <span class='ocrx_word' id='word_1_292' title='bbox 1213 1371 1255 1400; x_wconf 65' lang='lat' dir='ltr'>A„</span> <span class='ocrx_word' id='word_1_293' title='bbox 1277 1371 1320 1394; x_wconf 89' lang='lat' dir='ltr'>Cr.</span> <span class='ocrx_word' id='word_1_294' title='bbox 1343 1383 1351 1386; x_wconf 99' lang='lat'>-</span> <span class='ocrx_word' id='word_1_295' title='bbox 1372 1369 1464 1392; x_wconf 87' lang='lat' dir='ltr'>millia</span> <span class='ocrx_word' id='word_1_296' title='bbox 1483 1369 1560 1392; x_wconf 89' lang='lat' dir='ltr'>aurei</span> <span class='ocrx_word' id='word_1_297' title='bbox 1586 1368 1629 1397; x_wconf 71' lang='lat' dir='ltr'>A,</span> <span class='ocrx_word' id='word_1_298' title='bbox 1660 1368 1719 1391; x_wconf 89' lang='lat' dir='ltr'>Cr.·.</span> <span class='ocrx_word' id='word_1_299' title='bbox 1742 1366 1865 1390; x_wconf 87' lang='lat' dir='ltr'>millium</span> <span class='ocrx_word' id='word_1_300' title='bbox 1891 1372 2039 1389; x_wconf 88' lang='lat' dir='ltr'>aureorum</span> <span class='ocrx_word' id='word_1_301' title='bbox 2067 1365 2142 1389; x_wconf 66' lang='lat' dir='ltr'>Mun.</span> 
     </span>
     <span class='ocr_line' id='line_1_30' title="bbox 301 1405 2143 1449; baseline -0.006 -8"><span class='ocrx_word' id='word_1_302' title='bbox 301 1430 309 1434; x_wconf 91' lang='lat'><em>-</em></span> <span class='ocrx_word' id='word_1_303' title='bbox 331 1418 452 1441; x_wconf 82' lang='lat' dir='ltr'>mortuis</span> <span class='ocrx_word' id='word_1_304' title='bbox 471 1418 504 1441; x_wconf 81' lang='lat' dir='ltr'>A.</span> <span class='ocrx_word' id='word_1_305' title='bbox 524 1430 535 1436; x_wconf 88' lang='lat'><em>-</em></span> <span class='ocrx_word' id='word_1_306' title='bbox 553 1416 600 1449; x_wconf 84' lang='lat' dir='ltr'>Lx]</span> <span class='ocrx_word' id='word_1_307' title='bbox 620 1418 671 1442; x_wconf 73' lang='lat' dir='ltr'>cosi</span> <span class='ocrx_word' id='word_1_308' title='bbox 693 1417 734 1443; x_wconf 63' lang='lat' dir='ltr'>A„</span> <span class='ocrx_word' id='word_1_309' title='bbox 756 1418 810 1445; x_wconf 86' lang='lat' dir='ltr'>Cr.,</span> <span class='ocrx_word' id='word_1_310' title='bbox 831 1417 922 1443; x_wconf 74' lang='lat' dir='ltr'>MUR.;</span> <span class='ocrx_word' id='word_1_311' title='bbox 937 1424 979 1440; x_wconf 86' lang='lat' dir='ltr'>ma</span> <span class='ocrx_word' id='word_1_312' title='bbox 998 1415 1170 1441; x_wconf 64' lang='lat' dir='ltr'>Pmscmno,</span> <span class='ocrx_word' id='word_1_313' title='bbox 1191 1413 1338 1437; x_wconf 71' lang='lat' dir='ltr'>derivanda</span> <span class='ocrx_word' id='word_1_314' title='bbox 1359 1414 1518 1435; x_wconf 73' lang='lat' dir='ltr'>certamente</span> <span class='ocrx_word' id='word_1_315' title='bbox 1532 1411 1566 1434; x_wconf 86' lang='lat' dir='ltr'>da</span> <span class='ocrx_word' id='word_1_316' title='bbox 1579 1412 1668 1441; x_wconf 73' lang='lat' dir='ltr'>questa</span> <span class='ocrx_word' id='word_1_317' title='bbox 1682 1408 1853 1440; x_wconf 82' lang='lat' dir='ltr'>unicafonte,</span> <span class='ocrx_word' id='word_1_318' title='bbox 1869 1409 1901 1431; x_wconf 75' lang='lat' dir='ltr'>lca</span> <span class='ocrx_word' id='word_1_319' title='bbox 1916 1409 1987 1431; x_wconf 85' lang='lat' dir='ltr'>caesi</span> <span class='ocrx_word' id='word_1_320' title='bbox 2008 1406 2059 1431; x_wconf 59' lang='lat' dir='ltr'>xx?</span> <span class='ocrx_word' id='word_1_321' title='bbox 2074 1420 2105 1423; x_wconf 86' lang='lat'>-—</span> <span class='ocrx_word' id='word_1_322' title='bbox 2119 1405 2143 1430; x_wconf 87' lang='lat'>8.</span> 
     </span>
     <span class='ocr_line' id='line_1_31' title="bbox 303 1448 2143 1488; baseline -0.007 -5"><span class='ocrx_word' id='word_1_323' title='bbox 303 1459 338 1484; x_wconf 84' lang='lat' dir='ltr'>ab</span> <span class='ocrx_word' id='word_1_324' title='bbox 356 1468 405 1483; x_wconf 80' lang='lat' dir='ltr'>om.</span> <span class='ocrx_word' id='word_1_325' title='bbox 432 1460 511 1483; x_wconf 76' lang='lat' dir='ltr'>anche</span> <span class='ocrx_word' id='word_1_326' title='bbox 532 1460 589 1486; x_wconf 79' lang='lat' dir='ltr'>Cr.;</span> <span class='ocrx_word' id='word_1_327' title='bbox 611 1460 624 1482; x_wconf 77' lang='grc' dir='ltr'><em>ἑ</em></span> <span class='ocrx_word' id='word_1_328' title='bbox 643 1461 669 1483; x_wconf 89' lang='lat' dir='ltr'>in</span> <span class='ocrx_word' id='word_1_329' title='bbox 689 1459 766 1483; x_wconf 83' lang='lat' dir='ltr'>MUR.</span> <span class='ocrx_word' id='word_1_330' title='bbox 788 1472 796 1476; x_wconf 92' lang='lat'><em>-</em></span> <span class='ocrx_word' id='word_1_331' title='bbox 817 1458 922 1488; x_wconf 82' lang='lat' dir='ltr'>fuerat]</span> <span class='ocrx_word' id='word_1_332' title='bbox 936 1458 986 1482; x_wconf 68' lang='lat' dir='ltr'>cosi</span> <span class='ocrx_word' id='word_1_333' title='bbox 1003 1458 1094 1483; x_wconf 81' lang='lat' dir='ltr'>MUR.;</span> <span class='ocrx_word' id='word_1_334' title='bbox 1116 1456 1230 1479; x_wconf 82' lang='lat' dir='ltr'>suerunt</span> <span class='ocrx_word' id='word_1_335' title='bbox 1251 1454 1291 1482; x_wconf 61' lang='lat' dir='ltr'>A„</span> <span class='ocrx_word' id='word_1_336' title='bbox 1307 1454 1351 1478; x_wconf 89' lang='lat' dir='ltr'>Cr.</span> <span class='ocrx_word' id='word_1_337' title='bbox 1373 1466 1402 1470; x_wconf 88' lang='lat'>—-</span> <span class='ocrx_word' id='word_1_338' title='bbox 1425 1461 1448 1483; x_wconf 80' lang='lat'>9.</span> <span class='ocrx_word' id='word_1_339' title='bbox 1472 1453 1534 1475; x_wconf 81' lang='lat' dir='ltr'>serti</span> <span class='ocrx_word' id='word_1_340' title='bbox 1555 1452 1585 1475; x_wconf 80' lang='lat' dir='ltr'>A.</span> <span class='ocrx_word' id='word_1_341' title='bbox 1601 1464 1609 1468; x_wconf 97' lang='lat'><em>-</em></span> <span class='ocrx_word' id='word_1_342' title='bbox 1625 1453 1743 1475; x_wconf 82' lang='lat' dir='ltr'>contatu</span> <span class='ocrx_word' id='word_1_343' title='bbox 1762 1450 1796 1474; x_wconf 81' lang='lat' dir='ltr'>A.</span> <span class='ocrx_word' id='word_1_344' title='bbox 1813 1463 1842 1467; x_wconf 94' lang='lat'><strong>—</strong></span> <span class='ocrx_word' id='word_1_345' title='bbox 1861 1456 1900 1473; x_wconf 83' lang='lat' dir='ltr'>xo.</span> <span class='ocrx_word' id='word_1_346' title='bbox 1915 1449 2003 1472; x_wconf 89' lang='lat' dir='ltr'>Bunci</span> <span class='ocrx_word' id='word_1_347' title='bbox 2023 1450 2071 1477; x_wconf 78' lang='lat' dir='ltr'>A.;</span> <span class='ocrx_word' id='word_1_348' title='bbox 2091 1448 2143 1472; x_wconf 90' lang='lat' dir='ltr'>Bo-</span> 
     </span>
     <span class='ocr_line' id='line_1_32' title="bbox 304 1490 2142 1529; baseline -0.007 -4"><span class='ocrx_word' id='word_1_349' title='bbox 304 1501 360 1525; x_wconf 88' lang='lat' dir='ltr'>nici</span> <span class='ocrx_word' id='word_1_350' title='bbox 383 1501 469 1529; x_wconf 78' lang='lat' dir='ltr'>MUR..</span> <span class='ocrx_word' id='word_1_351' title='bbox 491 1502 537 1526; x_wconf 82' lang='lat' dir='ltr'>Cr.</span> <span class='ocrx_word' id='word_1_352' title='bbox 557 1514 565 1519; x_wconf 93' lang='lat'>-</span> <span class='ocrx_word' id='word_1_353' title='bbox 583 1508 706 1525; x_wconf 84' lang='lat' dir='ltr'>recessus</span> <span class='ocrx_word' id='word_1_354' title='bbox 726 1501 782 1525; x_wconf 82' lang='lat' dir='ltr'>suit</span> <span class='ocrx_word' id='word_1_355' title='bbox 804 1501 883 1524; x_wconf 73' lang='lat' dir='ltr'>Mun.</span> <span class='ocrx_word' id='word_1_356' title='bbox 905 1513 935 1516; x_wconf 95' lang='lat'><strong>—</strong></span> <span class='ocrx_word' id='word_1_357' title='bbox 959 1506 999 1523; x_wconf 83' lang='lat'>12.</span> <span class='ocrx_word' id='word_1_358' title='bbox 1018 1495 1265 1528; x_wconf 88' lang='lat' dir='ltr'>Florentinorum]</span> <span class='ocrx_word' id='word_1_359' title='bbox 1289 1496 1340 1520; x_wconf 67' lang='lat' dir='ltr'>cosi</span> <span class='ocrx_word' id='word_1_360' title='bbox 1368 1495 1458 1522; x_wconf 52' lang='lat' dir='ltr'>Mun:</span> <span class='ocrx_word' id='word_1_361' title='bbox 1480 1501 1593 1517; x_wconf 86' lang='lat' dir='ltr'>suorum</span> <span class='ocrx_word' id='word_1_362' title='bbox 1612 1493 1652 1521; x_wconf 62' lang='lat' dir='ltr'>A..</span> <span class='ocrx_word' id='word_1_363' title='bbox 1673 1493 1718 1516; x_wconf 83' lang='lat' dir='ltr'>Cr.</span> <span class='ocrx_word' id='word_1_364' title='bbox 1741 1506 1772 1508; x_wconf 97' lang='lat'><strong>—</strong></span> <span class='ocrx_word' id='word_1_365' title='bbox 1794 1498 1835 1523; x_wconf 89' lang='lat'>13.</span> <span class='ocrx_word' id='word_1_366' title='bbox 1857 1490 1949 1522; x_wconf 85' lang='lat' dir='ltr'>rebus]</span> <span class='ocrx_word' id='word_1_367' title='bbox 1977 1491 2027 1515; x_wconf 72' lang='lat' dir='ltr'>cos)</span> <span class='ocrx_word' id='word_1_368' title='bbox 2054 1490 2142 1518; x_wconf 69' lang='lat' dir='ltr'>Mun„</span> 
     </span>
     <span class='ocr_line' id='line_1_33' title="bbox 305 1533 2142 1574; baseline -0.007 -6"><span class='ocrx_word' id='word_1_369' title='bbox 305 1544 362 1571; x_wconf 80' lang='lat' dir='ltr'>Cr.;</span> <span class='ocrx_word' id='word_1_370' title='bbox 384 1543 477 1567; x_wconf 86' lang='lat' dir='ltr'>rubeis</span> <span class='ocrx_word' id='word_1_371' title='bbox 495 1543 529 1567; x_wconf 84' lang='grc' dir='ltr'>Α.</span> <span class='ocrx_word' id='word_1_372' title='bbox 544 1556 552 1561; x_wconf 82' lang='grc'><strong>-</strong></span> <span class='ocrx_word' id='word_1_373' title='bbox 567 1549 701 1574; x_wconf 65' lang='lat' dir='ltr'>mcccan</span> <span class='ocrx_word' id='word_1_374' title='bbox 721 1552 768 1566; x_wconf 88' lang='lat' dir='ltr'>om.</span> <span class='ocrx_word' id='word_1_375' title='bbox 789 1543 866 1566; x_wconf 73' lang='lat' dir='ltr'>Mun.</span> <span class='ocrx_word' id='word_1_376' title='bbox 888 1555 919 1558; x_wconf 88' lang='lat'><strong>—</strong></span> <span class='ocrx_word' id='word_1_377' title='bbox 943 1549 980 1572; x_wconf 78' lang='lat'>14.</span> <span class='ocrx_word' id='word_1_378' title='bbox 1002 1541 1092 1565; x_wconf 80' lang='lat' dir='ltr'>fuerat</span> <span class='ocrx_word' id='word_1_379' title='bbox 1113 1540 1190 1563; x_wconf 79' lang='lat' dir='ltr'>MUR.</span> <span class='ocrx_word' id='word_1_380' title='bbox 1208 1551 1218 1556; x_wconf 89' lang='lat'><em>-</em></span> <span class='ocrx_word' id='word_1_381' title='bbox 1233 1537 1361 1561; x_wconf 84' lang='lat' dir='ltr'>civitatis</span> <span class='ocrx_word' id='word_1_382' title='bbox 1381 1545 1427 1560; x_wconf 83' lang='lat' dir='ltr'>om.</span> <span class='ocrx_word' id='word_1_383' title='bbox 1452 1536 1495 1559; x_wconf 87' lang='lat' dir='ltr'>Cr.</span> <span class='ocrx_word' id='word_1_384' title='bbox 1518 1549 1549 1552; x_wconf 85' lang='lat'>-</span> <span class='ocrx_word' id='word_1_385' title='bbox 1568 1534 1605 1558; x_wconf 80' lang='grc'>16.</span> <span class='ocrx_word' id='word_1_386' title='bbox 1626 1534 1706 1566; x_wconf 87' lang='lat' dir='ltr'>taxa]</span> <span class='ocrx_word' id='word_1_387' title='bbox 1720 1534 1770 1558; x_wconf 65' lang='lat' dir='ltr'>cosi</span> <span class='ocrx_word' id='word_1_388' title='bbox 1786 1534 1879 1561; x_wconf 79' lang='lat' dir='ltr'>MUR.;</span> <span class='ocrx_word' id='word_1_389' title='bbox 1898 1535 1978 1557; x_wconf 87' lang='lat' dir='ltr'>tanta</span> <span class='ocrx_word' id='word_1_390' title='bbox 1990 1533 2031 1561; x_wconf 73' lang='lat' dir='ltr'>A„</span> <span class='ocrx_word' id='word_1_391' title='bbox 2051 1533 2097 1557; x_wconf 85' lang='lat' dir='ltr'>Cr.</span> <span class='ocrx_word' id='word_1_392' title='bbox 2112 1546 2142 1548; x_wconf 97' lang='lat'><strong>—</strong></span> 
     </span>
    </p>
   </div>
   <div class='ocr_carea' id='block_1_12' title="bbox 303 1574 2142 1616">
    <p class='ocr_par' dir='ltr' id='par_1_12' title="bbox 303 1574 2142 1616">
     <span class='ocr_line' id='line_1_34' title="bbox 303 1574 2142 1616; baseline -0.006 -8"><span class='ocrx_word' id='word_1_393' title='bbox 303 1583 391 1616; x_wconf 77' lang='lat'>16-17.</span> <span class='ocrx_word' id='word_1_394' title='bbox 411 1580 594 1616; x_wconf 69' lang='lat' dir='ltr'>florenorum]</span> <span class='ocrx_word' id='word_1_395' title='bbox 615 1584 665 1609; x_wconf 69' lang='lat' dir='ltr'>cosi</span> <span class='ocrx_word' id='word_1_396' title='bbox 685 1585 779 1612; x_wconf 51' lang='lat' dir='ltr'>Mum</span> <span class='ocrx_word' id='word_1_397' title='bbox 800 1584 1018 1608; x_wconf 81' lang='lat' dir='ltr'>florentinorum</span> <span class='ocrx_word' id='word_1_398' title='bbox 1039 1583 1081 1610; x_wconf 67' lang='lat' dir='ltr'>A„</span> <span class='ocrx_word' id='word_1_399' title='bbox 1103 1582 1157 1610; x_wconf 63' lang='lat' dir='ltr'>Cr„</span> <span class='ocrx_word' id='word_1_400' title='bbox 1178 1581 1223 1611; x_wconf 79' lang='lat' dir='ltr'>qui</span> <span class='ocrx_word' id='word_1_401' title='bbox 1241 1589 1253 1603; x_wconf 77' lang='grc' dir='ltr'><em>ε</em></span> <span class='ocrx_word' id='word_1_402' title='bbox 1273 1581 1378 1603; x_wconf 67' lang='lat' dir='ltr'>aurove</span> <span class='ocrx_word' id='word_1_403' title='bbox 1395 1592 1422 1594; x_wconf 41' lang='lat' dir='ltr'>v—</span> <span class='ocrx_word' id='word_1_404' title='bbox 1443 1584 1480 1608; x_wconf 77' lang='lat'>17.</span> <span class='ocrx_word' id='word_1_405' title='bbox 1502 1577 1562 1601; x_wconf 77' lang='lat' dir='ltr'>auri</span> <span class='ocrx_word' id='word_1_406' title='bbox 1583 1585 1631 1601; x_wconf 86' lang='lat' dir='ltr'>non</span> <span class='ocrx_word' id='word_1_407' title='bbox 1651 1574 1664 1599; x_wconf 79' lang='grc' dir='ltr'><em>ὲ</em></span> <span class='ocrx_word' id='word_1_408' title='bbox 1677 1577 1703 1600; x_wconf 86' lang='lat' dir='ltr'>in</span> <span class='ocrx_word' id='word_1_409' title='bbox 1723 1577 1762 1603; x_wconf 74' lang='grc' dir='ltr'>Α,</span> <span class='ocrx_word' id='word_1_410' title='bbox 1784 1576 1869 1603; x_wconf 61' lang='lat' dir='ltr'>Mun..</span> <span class='ocrx_word' id='word_1_411' title='bbox 1893 1576 1951 1604; x_wconf 75' lang='lat' dir='ltr'>Cr.;</span> <span class='ocrx_word' id='word_1_412' title='bbox 1971 1583 2013 1598; x_wconf 76' lang='lat' dir='ltr'>ma</span> <span class='ocrx_word' id='word_1_413' title='bbox 2033 1575 2058 1598; x_wconf 85' lang='lat' dir='ltr'>ci</span> <span class='ocrx_word' id='word_1_414' title='bbox 2072 1578 2142 1606; x_wconf 71' lang='lat' dir='ltr'>pare</span> 
     </span>
    </p>
   </div>
   <div class='ocr_carea' id='block_1_13' title="bbox 305 1627 539 1659">
    <p class='ocr_par' dir='ltr' id='par_1_13' title="bbox 305 1627 539 1659">
     <span class='ocr_line' id='line_1_35' title="bbox 305 1627 539 1659; baseline 0.004 -9"><span class='ocrx_word' id='word_1_415' title='bbox 305 1633 373 1659; x_wconf 73' lang='lat' dir='ltr'>agg.</span> <span class='ocrx_word' id='word_1_416' title='bbox 389 1627 539 1651; x_wconf 76' lang='lat' dir='ltr'>necessaria</span> 
     </span>
    </p>
   </div>
   <div class='ocr_carea' id='block_1_14' title="bbox 300 1686 1208 3019">
    <p class='ocr_par' dir='ltr' id='par_1_14' title="bbox 300 1686 1197 1758">
     <span class='ocr_line' id='line_1_36' title="bbox 300 1686 1197 1720; baseline -0.006 -7"><span class='ocrx_word' id='word_1_417' title='bbox 300 1695 435 1713; x_wconf 79' lang='lat' dir='ltr'>conserva</span> <span class='ocrx_word' id='word_1_418' title='bbox 448 1689 494 1713; x_wconf 84' lang='lat' dir='ltr'>uel</span> <span class='ocrx_word' id='word_1_419' title='bbox 506 1690 538 1714; x_wconf 84' lang='lat' dir='ltr'>R.</span> <span class='ocrx_word' id='word_1_420' title='bbox 553 1689 639 1713; x_wconf 87' lang='lat' dir='ltr'>Arch.</span> <span class='ocrx_word' id='word_1_421' title='bbox 653 1689 681 1712; x_wconf 89' lang='lat' dir='ltr'>di</span> <span class='ocrx_word' id='word_1_422' title='bbox 694 1689 773 1714; x_wconf 78' lang='lat' dir='ltr'>State</span> <span class='ocrx_word' id='word_1_423' title='bbox 788 1690 817 1713; x_wconf 90' lang='lat' dir='ltr'>in</span> <span class='ocrx_word' id='word_1_424' title='bbox 833 1689 950 1720; x_wconf 86' lang='lat' dir='ltr'>Reggio,</span> <span class='ocrx_word' id='word_1_425' title='bbox 965 1687 1140 1712; x_wconf 73' lang='lat' dir='ltr'>Provvisiom·</span> <span class='ocrx_word' id='word_1_426' title='bbox 1153 1686 1197 1709; x_wconf 74' lang='lat' dir='ltr'>dei</span> 
     </span>
     <span class='ocr_line' id='line_1_37' title="bbox 301 1730 707 1758; baseline 0.007 -6"><span class='ocrx_word' id='word_1_427' title='bbox 301 1730 330 1753; x_wconf 79' lang='lat' dir='ltr'>dl</span> <span class='ocrx_word' id='word_1_428' title='bbox 344 1731 431 1755; x_wconf 74' lang='lat' dir='ltr'>emori</span> <span class='ocrx_word' id='word_1_429' title='bbox 450 1731 496 1754; x_wconf 82' lang='lat' dir='ltr'>del</span> <span class='ocrx_word' id='word_1_430' title='bbox 530 1739 543 1754; x_wconf 84' lang='lat' dir='ltr'>o</span> <span class='ocrx_word' id='word_1_431' title='bbox 563 1732 614 1758; x_wconf 67' lang='lat' dir='ltr'>olo,</span> <span class='ocrx_word' id='word_1_432' title='bbox 633 1738 656 1755; x_wconf 91' lang='lat' dir='ltr'>c.</span> <span class='ocrx_word' id='word_1_433' title='bbox 678 1738 707 1755; x_wconf 75' lang='lat'>2:</span> 
     </span>
    </p>

    <p class='ocr_par' dir='ltr' id='par_1_15' title="bbox 304 1730 1196 1880">
     <span class='ocr_line' id='line_1_38' title="bbox 322 1730 1196 1803; baseline -0.005 -6"><span class='ocrx_word' id='word_1_434' title='bbox 322 1730 348 1763; x_wconf 74' lang='lat' dir='ltr'><em>f</em></span> <span class='ocrx_word' id='word_1_435' title='bbox 392 1772 471 1797; x_wconf 80' lang='lat' dir='ltr'>“Hec</span> <span class='ocrx_word' id='word_1_436' title='bbox 490 1734 646 1797; x_wconf 46' lang='lat' dir='ltr'>egpforrna</span> <span class='ocrx_word' id='word_1_437' title='bbox 670 1772 841 1803; x_wconf 83' lang='lat' dir='ltr'>quarundam</span> <span class='ocrx_word' id='word_1_438' title='bbox 866 1773 1022 1796; x_wconf 85' lang='lat' dir='ltr'>litterarum</span> <span class='ocrx_word' id='word_1_439' title='bbox 1048 1772 1196 1796; x_wconf 86' lang='lat' dir='ltr'>missarum</span> 
     </span>
     <span class='ocr_line' id='line_1_39' title="bbox 304 1812 1195 1847; baseline -0.002 -10"><span class='ocrx_word' id='word_1_440' title='bbox 304 1812 452 1837; x_wconf 74' lang='lat' dir='ltr'>“Comuni</span> <span class='ocrx_word' id='word_1_441' title='bbox 465 1814 548 1847; x_wconf 85' lang='lat' dir='ltr'>Regii</span> <span class='ocrx_word' id='word_1_442' title='bbox 563 1822 615 1846; x_wconf 86' lang='lat' dir='ltr'>pro</span> <span class='ocrx_word' id='word_1_443' title='bbox 630 1816 708 1847; x_wconf 82' lang='lat' dir='ltr'>parte</span> <span class='ocrx_word' id='word_1_444' title='bbox 722 1814 861 1839; x_wconf 79' lang='lat' dir='ltr'>Comunis</span> <span class='ocrx_word' id='word_1_445' title='bbox 880 1814 999 1842; x_wconf 84' lang='lat' dir='ltr'>Mutine,</span> <span class='ocrx_word' id='word_1_446' title='bbox 1019 1812 1195 1843; x_wconf 73' lang='lat' dir='ltr'>infrascripti</span> 
     </span>
     <span class='ocr_line' id='line_1_40' title="bbox 304 1854 453 1880; baseline 0.013 -2"><span class='ocrx_word' id='word_1_447' title='bbox 304 1854 317 1866; x_wconf 70' lang='lat'>‘⁴</span> <span class='ocrx_word' id='word_1_448' title='bbox 330 1856 453 1880; x_wconf 84' lang='lat' dir='ltr'>tenoris:</span> 
     </span>
    </p>

    <p class='ocr_par' dir='ltr' id='par_1_16' title="bbox 303 1895 1202 2432">
     <span class='ocr_line' id='line_1_41' title="bbox 393 1895 1197 1929; baseline -0.002 -8"><span class='ocrx_word' id='word_1_449' title='bbox 393 1897 565 1922; x_wconf 77' lang='lat' dir='ltr'>“Nobilibus</span> <span class='ocrx_word' id='word_1_450' title='bbox 584 1900 612 1922; x_wconf 85' lang='lat' dir='ltr'>et</span> <span class='ocrx_word' id='word_1_451' title='bbox 631 1897 795 1929; x_wconf 85' lang='lat' dir='ltr'>potentibus</span> <span class='ocrx_word' id='word_1_452' title='bbox 816 1898 884 1921; x_wconf 84' lang='lat' dir='ltr'>viris</span> <span class='ocrx_word' id='word_1_453' title='bbox 904 1898 931 1921; x_wconf 91' lang='lat' dir='ltr'>d.</span> <span class='ocrx_word' id='word_1_454' title='bbox 945 1896 1097 1925; x_wconf 86' lang='lat' dir='ltr'>Potestati,</span> <span class='ocrx_word' id='word_1_455' title='bbox 1112 1895 1197 1927; x_wconf 89' lang='lat' dir='ltr'>Capi-</span> 
     </span>
     <span class='ocr_line' id='line_1_42' title="bbox 304 1938 1198 1971; baseline -0.001 -9"><span class='ocrx_word' id='word_1_456' title='bbox 304 1938 420 1968; x_wconf 77' lang='lat' dir='ltr'>“taneo,</span> <span class='ocrx_word' id='word_1_457' title='bbox 443 1939 659 1970; x_wconf 66' lang='lat' dir='ltr'>Defensorffim,</span> <span class='ocrx_word' id='word_1_458' title='bbox 678 1939 820 1969; x_wconf 82' lang='lat' dir='ltr'>Consilio,</span> <span class='ocrx_word' id='word_1_459' title='bbox 840 1940 1018 1971; x_wconf 84' lang='lat' dir='ltr'>Sapientibus</span> <span class='ocrx_word' id='word_1_460' title='bbox 1036 1940 1152 1969; x_wconf 85' lang='lat' dir='ltr'>treugue</span> <span class='ocrx_word' id='word_1_461' title='bbox 1171 1939 1198 1961; x_wconf 88' lang='lat' dir='ltr'>et</span> 
     </span>
     <span class='ocr_line' id='line_1_43' title="bbox 303 1980 1198 2013; baseline -0.001 -9"><span class='ocrx_word' id='word_1_462' title='bbox 303 1980 316 1992; x_wconf 75' lang='lat'>“</span> <span class='ocrx_word' id='word_1_463' title='bbox 329 1980 452 2005; x_wconf 82' lang='lat' dir='ltr'>comuni</span> <span class='ocrx_word' id='word_1_464' title='bbox 471 1981 599 2006; x_wconf 78' lang='lat' dir='ltr'>ciuitatis</span> <span class='ocrx_word' id='word_1_465' title='bbox 620 1981 711 2013; x_wconf 85' lang='lat' dir='ltr'>Regii,</span> <span class='ocrx_word' id='word_1_466' title='bbox 731 1982 841 2006; x_wconf 67' lang='lat' dir='ltr'>Loxius</span> <span class='ocrx_word' id='word_1_467' title='bbox 859 1981 892 2004; x_wconf 88' lang='lat' dir='ltr'>de</span> <span class='ocrx_word' id='word_1_468' title='bbox 911 1980 1046 2012; x_wconf 84' lang='lat' dir='ltr'>Gonzaga</span> <span class='ocrx_word' id='word_1_469' title='bbox 1062 1981 1198 2012; x_wconf 85' lang='lat' dir='ltr'>potestas,</span> 
     </span>
     <span class='ocr_line' id='line_1_44' title="bbox 305 2021 1198 2054; baseline -0.001 -9"><span class='ocrx_word' id='word_1_470' title='bbox 305 2022 472 2046; x_wconf 76' lang='lat' dir='ltr'>“Rolandus</span> <span class='ocrx_word' id='word_1_471' title='bbox 492 2022 525 2047; x_wconf 86' lang='lat' dir='ltr'>de</span> <span class='ocrx_word' id='word_1_472' title='bbox 545 2023 725 2047; x_wconf 79' lang='lat' dir='ltr'>Carbonibus</span> <span class='ocrx_word' id='word_1_473' title='bbox 745 2023 867 2047; x_wconf 82' lang='lat' dir='ltr'>vicarius</span> <span class='ocrx_word' id='word_1_474' title='bbox 888 2021 1101 2054; x_wconf 79' lang='lat' dir='ltr'>Magnificorum</span> <span class='ocrx_word' id='word_1_475' title='bbox 1122 2021 1198 2045; x_wconf 87' lang='lat' dir='ltr'>viro-</span> 
     </span>
     <span class='ocr_line' id='line_1_45' title="bbox 306 2063 1198 2097; baseline -0.002 -9"><span class='ocrx_word' id='word_1_476' title='bbox 306 2064 318 2075; x_wconf 78' lang='lat'>‘¹</span> <span class='ocrx_word' id='word_1_477' title='bbox 330 2072 391 2089; x_wconf 88' lang='lat' dir='ltr'>rum</span> <span class='ocrx_word' id='word_1_478' title='bbox 412 2066 598 2088; x_wconf 88' lang='lat' dir='ltr'>Dominorum</span> <span class='ocrx_word' id='word_1_479' title='bbox 617 2065 756 2097; x_wconf 64' lang='lat' dir='ltr'>Raynaldi</span> <span class='ocrx_word' id='word_1_480' title='bbox 775 2068 803 2089; x_wconf 90' lang='lat' dir='ltr'>et</span> <span class='ocrx_word' id='word_1_481' title='bbox 824 2065 963 2096; x_wconf 75' lang='lat' dir='ltr'>Butyroni</span> <span class='ocrx_word' id='word_1_482' title='bbox 983 2064 1016 2088; x_wconf 88' lang='lat' dir='ltr'>de</span> <span class='ocrx_word' id='word_1_483' title='bbox 1036 2063 1198 2087; x_wconf 84' lang='lat' dir='ltr'>Bonaeolsis</span> 
     </span>
     <span class='ocr_line' id='line_1_46' title="bbox 305 2105 1198 2139; baseline -0.001 -9"><span class='ocrx_word' id='word_1_484' title='bbox 305 2107 379 2138; x_wconf 72' lang='lat' dir='ltr'>“per</span> <span class='ocrx_word' id='word_1_485' title='bbox 398 2105 515 2130; x_wconf 84' lang='lat' dir='ltr'>Sacrum</span> <span class='ocrx_word' id='word_1_486' title='bbox 540 2105 692 2139; x_wconf 86' lang='lat' dir='ltr'>Imperium</span> <span class='ocrx_word' id='word_1_487' title='bbox 719 2106 886 2130; x_wconf 77' lang='lat' dir='ltr'>vicariorum</span> <span class='ocrx_word' id='word_1_488' title='bbox 914 2107 1040 2134; x_wconf 82' lang='lat' dir='ltr'>Mantue,</span> <span class='ocrx_word' id='word_1_489' title='bbox 1066 2105 1198 2129; x_wconf 84' lang='lat' dir='ltr'>Ciuitatis</span> 
     </span>
     <span class='ocr_line' id='line_1_47' title="bbox 304 2147 1199 2181; baseline -0.003 -8"><span class='ocrx_word' id='word_1_490' title='bbox 304 2149 317 2163; x_wconf 75' lang='lat'>‘⁴</span> <span class='ocrx_word' id='word_1_491' title='bbox 328 2149 438 2173; x_wconf 75' lang='lat' dir='ltr'>Mutine</span> <span class='ocrx_word' id='word_1_492' title='bbox 449 2150 635 2173; x_wconf 88' lang='lat' dir='ltr'>Dominorum</span> <span class='ocrx_word' id='word_1_493' title='bbox 649 2149 820 2181; x_wconf 84' lang='lat' dir='ltr'>generalium</span> <span class='ocrx_word' id='word_1_494' title='bbox 831 2149 946 2173; x_wconf 86' lang='lat' dir='ltr'>salutem</span> <span class='ocrx_word' id='word_1_495' title='bbox 961 2149 988 2172; x_wconf 85' lang='lat' dir='ltr'>et</span> <span class='ocrx_word' id='word_1_496' title='bbox 1000 2147 1199 2181; x_wconf 83' lang='lat' dir='ltr'>prosperitatis</span> 
     </span>
     <span class='ocr_line' id='line_1_48' title="bbox 307 2190 1199 2223; baseline -0.003 -8"><span class='ocrx_word' id='word_1_497' title='bbox 307 2192 320 2204; x_wconf 81' lang='lat'>‘¹</span> <span class='ocrx_word' id='word_1_498' title='bbox 331 2193 522 2223; x_wconf 88' lang='lat' dir='ltr'>augmentum.</span> <span class='ocrx_word' id='word_1_499' title='bbox 560 2191 633 2216; x_wconf 88' lang='lat' dir='ltr'>Ecce</span> <span class='ocrx_word' id='word_1_500' title='bbox 654 2190 792 2215; x_wconf 75' lang='lat' dir='ltr'>mittimus</span> <span class='ocrx_word' id='word_1_501' title='bbox 812 2190 847 2215; x_wconf 84' lang='lat' dir='ltr'>ad</span> <span class='ocrx_word' id='word_1_502' title='bbox 865 2197 917 2214; x_wconf 83' lang='lat' dir='ltr'>vos</span> <span class='ocrx_word' id='word_1_503' title='bbox 937 2190 1089 2214; x_wconf 86' lang='lat' dir='ltr'>discretum</span> <span class='ocrx_word' id='word_1_504' title='bbox 1109 2190 1199 2213; x_wconf 80' lang='lat' dir='ltr'>virum</span> 
     </span>
     <span class='ocr_line' id='line_1_49' title="bbox 307 2232 1200 2262; baseline -0.003 -5"><span class='ocrx_word' id='word_1_505' title='bbox 307 2233 355 2258; x_wconf 69' lang='lat' dir='ltr'>“d.</span> <span class='ocrx_word' id='word_1_506' title='bbox 378 2233 591 2257; x_wconf 85' lang='lat' dir='ltr'>Lambertinum</span> <span class='ocrx_word' id='word_1_507' title='bbox 613 2233 722 2262; x_wconf 77' lang='lat' dir='ltr'>Gratie,</span> <span class='ocrx_word' id='word_1_508' title='bbox 742 2232 869 2257; x_wconf 88' lang='lat' dir='ltr'>dilectum</span> <span class='ocrx_word' id='word_1_509' title='bbox 888 2233 977 2256; x_wconf 87' lang='lat' dir='ltr'>civem</span> <span class='ocrx_word' id='word_1_510' title='bbox 996 2233 1023 2255; x_wconf 89' lang='lat' dir='ltr'>et</span> <span class='ocrx_word' id='word_1_511' title='bbox 1042 2232 1200 2255; x_wconf 86' lang='lat' dir='ltr'>ambaxato—</span> 
     </span>
     <span class='ocr_line' id='line_1_50' title="bbox 307 2272 1199 2304; baseline -0.003 -5"><span class='ocrx_word' id='word_1_512' title='bbox 307 2276 320 2288; x_wconf 81' lang='lat'><em>“</em></span> <span class='ocrx_word' id='word_1_513' title='bbox 331 2282 389 2299; x_wconf 88' lang='lat' dir='ltr'>rem</span> <span class='ocrx_word' id='word_1_514' title='bbox 403 2277 532 2299; x_wconf 78' lang='lat' dir='ltr'>nostrum</span> <span class='ocrx_word' id='word_1_515' title='bbox 547 2275 579 2298; x_wconf 88' lang='lat' dir='ltr'>de</span> <span class='ocrx_word' id='word_1_516' title='bbox 591 2277 690 2298; x_wconf 86' lang='lat' dir='ltr'>nostra</span> <span class='ocrx_word' id='word_1_517' title='bbox 703 2274 879 2298; x_wconf 85' lang='lat' dir='ltr'>conscientia</span> <span class='ocrx_word' id='word_1_518' title='bbox 893 2272 1086 2303; x_wconf 76' lang='lat' dir='ltr'>informatum,</span> <span class='ocrx_word' id='word_1_519' title='bbox 1100 2280 1199 2304; x_wconf 82' lang='lat' dir='ltr'>rogan-</span> 
     </span>
     <span class='ocr_line' id='line_1_51' title="bbox 308 2315 1200 2347; baseline -0.003 -7"><span class='ocrx_word' id='word_1_520' title='bbox 308 2317 320 2329; x_wconf 75' lang='lat'>“</span> <span class='ocrx_word' id='word_1_521' title='bbox 333 2317 374 2340; x_wconf 81' lang='lat' dir='ltr'>tes</span> <span class='ocrx_word' id='word_1_522' title='bbox 394 2323 444 2340; x_wconf 83' lang='lat' dir='ltr'>vos</span> <span class='ocrx_word' id='word_1_523' title='bbox 464 2318 495 2341; x_wconf 84' lang='lat' dir='ltr'>ut</span> <span class='ocrx_word' id='word_1_524' title='bbox 514 2317 571 2340; x_wconf 73' lang='lat' dir='ltr'>hiIs</span> <span class='ocrx_word' id='word_1_525' title='bbox 590 2323 642 2347; x_wconf 90' lang='lat' dir='ltr'>que</span> <span class='ocrx_word' id='word_1_526' title='bbox 661 2323 756 2339; x_wconf 86' lang='lat' dir='ltr'>coram</span> <span class='ocrx_word' id='word_1_527' title='bbox 782 2315 864 2339; x_wconf 83' lang='lat' dir='ltr'>vobis</span> <span class='ocrx_word' id='word_1_528' title='bbox 884 2323 917 2339; x_wconf 85' lang='lat' dir='ltr'>ex</span> <span class='ocrx_word' id='word_1_529' title='bbox 936 2316 1016 2346; x_wconf 83' lang='lat' dir='ltr'>parte</span> <span class='ocrx_word' id='word_1_530' title='bbox 1036 2316 1131 2338; x_wconf 86' lang='lat' dir='ltr'>nostra</span> <span class='ocrx_word' id='word_1_531' title='bbox 1158 2315 1200 2338; x_wconf 90' lang='lat' dir='ltr'>di-</span> 
     </span>
     <span class='ocr_line' id='line_1_52' title="bbox 308 2356 1202 2382; baseline -0.002 -1"><span class='ocrx_word' id='word_1_532' title='bbox 308 2358 320 2370; x_wconf 73' lang='lat'>*‘</span> <span class='ocrx_word' id='word_1_533' title='bbox 331 2359 402 2382; x_wconf 84' lang='lat' dir='ltr'>xerit</span> <span class='ocrx_word' id='word_1_534' title='bbox 416 2357 528 2382; x_wconf 90' lang='lat' dir='ltr'>oraculo</span> <span class='ocrx_word' id='word_1_535' title='bbox 542 2359 608 2382; x_wconf 81' lang='lat' dir='ltr'>vive</span> <span class='ocrx_word' id='word_1_536' title='bbox 623 2358 701 2382; x_wconf 86' lang='lat' dir='ltr'>uocis</span> <span class='ocrx_word' id='word_1_537' title='bbox 713 2358 807 2382; x_wconf 84' lang='lat' dir='ltr'>velitis</span> <span class='ocrx_word' id='word_1_538' title='bbox 817 2357 896 2381; x_wconf 86' lang='lat' dir='ltr'>fidem</span> <span class='ocrx_word' id='word_1_539' title='bbox 906 2356 1045 2381; x_wconf 84' lang='lat' dir='ltr'>credulam</span> <span class='ocrx_word' id='word_1_540' title='bbox 1057 2356 1202 2380; x_wconf 86' lang='lat' dir='ltr'>adhibere.</span> 
     </span>
     <span class='ocr_line' id='line_1_53' title="bbox 309 2399 834 2432; baseline 0.002 -9"><span class='ocrx_word' id='word_1_541' title='bbox 309 2402 320 2412; x_wconf 71' lang='lat'>*⁴</span> <span class='ocrx_word' id='word_1_542' title='bbox 334 2400 406 2424; x_wconf 83' lang='lat' dir='ltr'>Date</span> <span class='ocrx_word' id='word_1_543' title='bbox 427 2399 536 2423; x_wconf 82' lang='lat' dir='ltr'>Mutine</span> <span class='ocrx_word' id='word_1_544' title='bbox 555 2400 600 2423; x_wconf 86' lang='lat' dir='ltr'>die</span> <span class='ocrx_word' id='word_1_545' title='bbox 620 2400 712 2432; x_wconf 89' lang='lat' dir='ltr'>primo</span> <span class='ocrx_word' id='word_1_546' title='bbox 731 2399 834 2431; x_wconf 54' lang='grc'>111111,-</span> 
     </span>
    </p>

    <p class='ocr_par' dir='ltr' id='par_1_17' title="bbox 310 2440 1208 2935">
     <span class='ocr_line' id='line_1_54' title="bbox 397 2440 1201 2474; baseline -0.001 -9"><span class='ocrx_word' id='word_1_547' title='bbox 397 2441 485 2469; x_wconf 74' lang='lat' dir='ltr'>“Que</span> <span class='ocrx_word' id='word_1_548' title='bbox 510 2441 624 2472; x_wconf 87' lang='lat' dir='ltr'>quidem</span> <span class='ocrx_word' id='word_1_549' title='bbox 650 2442 743 2465; x_wconf 86' lang='lat' dir='ltr'>littere</span> <span class='ocrx_word' id='word_1_550' title='bbox 762 2442 886 2474; x_wconf 80' lang='lat' dir='ltr'>sigillate</span> <span class='ocrx_word' id='word_1_551' title='bbox 911 2442 992 2465; x_wconf 83' lang='lat' dir='ltr'>erant</span> <span class='ocrx_word' id='word_1_552' title='bbox 1019 2440 1113 2471; x_wconf 77' lang='lat' dir='ltr'>sigillo</span> <span class='ocrx_word' id='word_1_553' title='bbox 1139 2447 1201 2464; x_wconf 85' lang='lat' dir='ltr'>cere</span> 
     </span>
     <span class='ocr_line' id='line_1_55' title="bbox 310 2483 1203 2516; baseline -0.002 -8"><span class='ocrx_word' id='word_1_554' title='bbox 310 2486 321 2498; x_wconf 42' lang='grc' dir='ltr'>Α·</span> <span class='ocrx_word' id='word_1_555' title='bbox 334 2486 423 2514; x_wconf 78' lang='lat' dir='ltr'>rubi-e,</span> <span class='ocrx_word' id='word_1_556' title='bbox 444 2485 473 2507; x_wconf 88' lang='lat' dir='ltr'>in</span> <span class='ocrx_word' id='word_1_557' title='bbox 493 2492 548 2516; x_wconf 91' lang='lat' dir='ltr'>quo</span> <span class='ocrx_word' id='word_1_558' title='bbox 567 2484 679 2514; x_wconf 87' lang='lat' dir='ltr'>quidem</span> <span class='ocrx_word' id='word_1_559' title='bbox 698 2484 792 2516; x_wconf 81' lang='lat' dir='ltr'>sigillo</span> <span class='ocrx_word' id='word_1_560' title='bbox 813 2484 922 2515; x_wconf 83' lang='lat' dir='ltr'>sculpta</span> <span class='ocrx_word' id='word_1_561' title='bbox 941 2484 983 2507; x_wconf 87' lang='lat' dir='ltr'>est</span> <span class='ocrx_word' id='word_1_562' title='bbox 1003 2484 1096 2515; x_wconf 80' lang='lat' dir='ltr'>imago</span> <span class='ocrx_word' id='word_1_563' title='bbox 1117 2483 1203 2507; x_wconf 80' lang='lat' dir='ltr'>unius</span> 
     </span>
     <span class='ocr_line' id='line_1_56' title="bbox 310 2524 1203 2558; baseline -0.003 -7"><span class='ocrx_word' id='word_1_564' title='bbox 310 2527 434 2551; x_wconf 74' lang='lat' dir='ltr'>“militis</span> <span class='ocrx_word' id='word_1_565' title='bbox 460 2526 495 2550; x_wconf 78' lang='lat' dir='ltr'>ad</span> <span class='ocrx_word' id='word_1_566' title='bbox 520 2533 621 2558; x_wconf 88' lang='lat' dir='ltr'>equum</span> <span class='ocrx_word' id='word_1_567' title='bbox 647 2526 787 2555; x_wconf 81' lang='lat' dir='ltr'>sedentis3</span> <span class='ocrx_word' id='word_1_568' title='bbox 814 2527 842 2550; x_wconf 90' lang='lat' dir='ltr'>in</span> <span class='ocrx_word' id='word_1_569' title='bbox 871 2526 979 2550; x_wconf 88' lang='lat' dir='ltr'>circulo</span> <span class='ocrx_word' id='word_1_570' title='bbox 1009 2527 1087 2549; x_wconf 84' lang='lat' dir='ltr'>cuius</span> <span class='ocrx_word' id='word_1_571' title='bbox 1115 2524 1203 2556; x_wconf 87' lang='lat' dir='ltr'>sigilli</span> 
     </span>
     <span class='ocr_line' id='line_1_57' title="bbox 311 2567 1204 2600; baseline -0.003 -7"><span class='ocrx_word' id='word_1_572' title='bbox 311 2570 323 2583; x_wconf 67' lang='lat'>‘¹</span> <span class='ocrx_word' id='word_1_573' title='bbox 335 2569 471 2600; x_wconf 84' lang='lat' dir='ltr'>scriptum</span> <span class='ocrx_word' id='word_1_574' title='bbox 491 2569 546 2591; x_wconf 74' lang='lat' dir='ltr'>est:</span> <span class='ocrx_word' id='word_1_575' title='bbox 570 2568 724 2591; x_wconf 68' lang='lat' dir='ltr'>Geminium</span> <span class='ocrx_word' id='word_1_576' title='bbox 733 2568 811 2592; x_wconf 80' lang='lat' dir='ltr'>bonus</span> <span class='ocrx_word' id='word_1_577' title='bbox 829 2567 1022 2592; x_wconf 75' lang='lat' dir='ltr'>Mutinensibus</span> <span class='ocrx_word' id='word_1_578' title='bbox 1041 2570 1094 2590; x_wconf 79' lang='lat' dir='ltr'>esto</span> <span class='ocrx_word' id='word_1_579' title='bbox 1108 2570 1204 2597; x_wconf 78' lang='lat' dir='ltr'>patro-</span> 
     </span>
     <span class='ocr_line' id='line_1_58' title="bbox 311 2609 1203 2639; baseline -0.003 -4"><span class='ocrx_word' id='word_1_580' title='bbox 311 2613 390 2635; x_wconf 53' lang='lat' dir='ltr'>“num</span> <span class='ocrx_word' id='word_1_581' title='bbox 428 2610 497 2634; x_wconf 82' lang='lat' dir='ltr'>Item</span> <span class='ocrx_word' id='word_1_582' title='bbox 516 2610 602 2633; x_wconf 80' lang='lat' dir='ltr'>etiam</span> <span class='ocrx_word' id='word_1_583' title='bbox 621 2610 651 2634; x_wconf 88' lang='lat' dir='ltr'>in</span> <span class='ocrx_word' id='word_1_584' title='bbox 672 2611 726 2634; x_wconf 83' lang='lat' dir='ltr'>alio</span> <span class='ocrx_word' id='word_1_585' title='bbox 752 2611 855 2634; x_wconf 87' lang='lat' dir='ltr'>circulo</span> <span class='ocrx_word' id='word_1_586' title='bbox 877 2611 954 2633; x_wconf 77' lang='lat' dir='ltr'>iuxta</span> <span class='ocrx_word' id='word_1_587' title='bbox 972 2609 1143 2639; x_wconf 86' lang='lat' dir='ltr'>sculpturam</span> <span class='ocrx_word' id='word_1_588' title='bbox 1162 2610 1203 2632; x_wconf 80' lang='lat' dir='ltr'>est</span> 
     </span>
     <span class='ocr_line' id='line_1_59' title="bbox 311 2651 1207 2685; baseline -0.003 -8"><span class='ocrx_word' id='word_1_589' title='bbox 311 2653 324 2665; x_wconf 85' lang='lat'>‘¹</span> <span class='ocrx_word' id='word_1_590' title='bbox 335 2654 484 2685; x_wconf 77' lang='lat' dir='ltr'>scriptum:</span> <span class='ocrx_word' id='word_1_591' title='bbox 498 2651 652 2684; x_wconf 72' lang='lat' dir='ltr'>Sllgillum]</span> <span class='ocrx_word' id='word_1_592' title='bbox 668 2652 786 2676; x_wconf 76' lang='lat' dir='ltr'>Comanis</span> <span class='ocrx_word' id='word_1_593' title='bbox 800 2653 912 2676; x_wconf 79' lang='lat' dir='ltr'>Mutine.</span> <span class='ocrx_word' id='word_1_594' title='bbox 940 2651 1012 2676; x_wconf 87' lang='lat' dir='ltr'>Item</span> <span class='ocrx_word' id='word_1_595' title='bbox 1026 2651 1110 2674; x_wconf 83' lang='lat' dir='ltr'>etiam</span> <span class='ocrx_word' id='word_1_596' title='bbox 1123 2657 1207 2683; x_wconf 79' lang='lat' dir='ltr'>supra</span> 
     </span>
     <span class='ocr_line' id='line_1_60' title="bbox 312 2693 1208 2727; baseline -0.003 -9"><span class='ocrx_word' id='word_1_597' title='bbox 312 2695 324 2707; x_wconf 75' lang='lat'>‘⁴</span> <span class='ocrx_word' id='word_1_598' title='bbox 335 2701 456 2727; x_wconf 77' lang='lat' dir='ltr'>croppas</span> <span class='ocrx_word' id='word_1_599' title='bbox 468 2694 538 2718; x_wconf 84' lang='lat' dir='ltr'>dicti</span> <span class='ocrx_word' id='word_1_600' title='bbox 553 2695 655 2724; x_wconf 85' lang='lat' dir='ltr'>equitis</span> <span class='ocrx_word' id='word_1_601' title='bbox 665 2697 707 2718; x_wconf 87' lang='lat' dir='ltr'>est</span> <span class='ocrx_word' id='word_1_602' title='bbox 716 2694 806 2718; x_wconf 74' lang='lat' dir='ltr'>seulta</span> <span class='ocrx_word' id='word_1_603' title='bbox 819 2693 937 2725; x_wconf 86' lang='lat' dir='ltr'>quedam</span> <span class='ocrx_word' id='word_1_604' title='bbox 952 2693 1044 2724; x_wconf 85' lang='lat' dir='ltr'>aquila</span> <span class='ocrx_word' id='word_1_605' title='bbox 1055 2700 1119 2716; x_wconf 89' lang='lat' dir='ltr'>cum</span> <span class='ocrx_word' id='word_1_606' title='bbox 1129 2699 1208 2716; x_wconf 91' lang='lat' dir='ltr'>coro-</span> 
     </span>
     <span class='ocr_line' id='line_1_61' title="bbox 311 2734 1208 2768; baseline -0.003 -8"><span class='ocrx_word' id='word_1_607' title='bbox 311 2737 324 2750; x_wconf 82' lang='lat'><em>“</em></span> <span class='ocrx_word' id='word_1_608' title='bbox 336 2745 373 2761; x_wconf 77' lang='lat' dir='ltr'>na</span> <span class='ocrx_word' id='word_1_609' title='bbox 387 2738 416 2760; x_wconf 87' lang='lat' dir='ltr'>in</span> <span class='ocrx_word' id='word_1_610' title='bbox 427 2736 527 2768; x_wconf 81' lang='lat' dir='ltr'>eapite.</span> <span class='ocrx_word' id='word_1_611' title='bbox 543 2735 622 2764; x_wconf 80' lang='lat' dir='ltr'>Quas</span> <span class='ocrx_word' id='word_1_612' title='bbox 633 2737 744 2768; x_wconf 90' lang='lat' dir='ltr'>quidem</span> <span class='ocrx_word' id='word_1_613' title='bbox 755 2736 863 2760; x_wconf 85' lang='lat' dir='ltr'>litteras</span> <span class='ocrx_word' id='word_1_614' title='bbox 875 2736 1005 2760; x_wconf 86' lang='lat' dir='ltr'>dominus</span> <span class='ocrx_word' id='word_1_615' title='bbox 1016 2735 1043 2759; x_wconf 87' lang='lat' dir='ltr'>d.</span> <span class='ocrx_word' id='word_1_616' title='bbox 1052 2734 1208 2758; x_wconf 82' lang='lat' dir='ltr'>Lamberti-</span> 
     </span>
     <span class='ocr_line' id='line_1_62' title="bbox 314 2776 1205 2810; baseline -0.004 -7"><span class='ocrx_word' id='word_1_617' title='bbox 314 2779 327 2793; x_wconf 79' lang='lat'><em>“</em></span> <span class='ocrx_word' id='word_1_618' title='bbox 335 2786 387 2803; x_wconf 90' lang='lat' dir='ltr'>nus</span> <span class='ocrx_word' id='word_1_619' title='bbox 397 2778 573 2810; x_wconf 85' lang='lat' dir='ltr'>presentavit</span> <span class='ocrx_word' id='word_1_620' title='bbox 582 2778 608 2802; x_wconf 91' lang='lat' dir='ltr'>d.</span> <span class='ocrx_word' id='word_1_621' title='bbox 621 2777 780 2810; x_wconf 81' lang='lat' dir='ltr'>Capitaueo</span> <span class='ocrx_word' id='word_1_622' title='bbox 791 2779 819 2801; x_wconf 88' lang='lat' dir='ltr'>in</span> <span class='ocrx_word' id='word_1_623' title='bbox 830 2778 890 2802; x_wconf 80' lang='lat' dir='ltr'>sala</span> <span class='ocrx_word' id='word_1_624' title='bbox 900 2777 1009 2809; x_wconf 88' lang='lat' dir='ltr'>pallatii</span> <span class='ocrx_word' id='word_1_625' title='bbox 1020 2776 1205 2809; x_wconf 38' lang='lat' dir='ltr'>populll,libi-</span> 
     </span>
     <span class='ocr_line' id='line_1_63' title="bbox 313 2819 1207 2852; baseline -0.001 -8"><span class='ocrx_word' id='word_1_626' title='bbox 313 2821 398 2845; x_wconf 76' lang='lat' dir='ltr'>“dem</span> <span class='ocrx_word' id='word_1_627' title='bbox 418 2820 608 2844; x_wconf 82' lang='lat' dir='ltr'>existentibus</span> <span class='ocrx_word' id='word_1_628' title='bbox 628 2820 654 2845; x_wconf 90' lang='lat' dir='ltr'>d.</span> <span class='ocrx_word' id='word_1_629' title='bbox 675 2819 870 2844; x_wconf 76' lang='lat' dir='ltr'>defensoribus</span> <span class='ocrx_word' id='word_1_630' title='bbox 890 2819 1003 2851; x_wconf 70' lang='lat' dir='ltr'>populig</span> <span class='ocrx_word' id='word_1_631' title='bbox 1029 2819 1207 2852; x_wconf 78' lang='lat' dir='ltr'>presentibus</span> 
     </span>
     <span class='ocr_line' id='line_1_64' title="bbox 312 2859 1207 2891; baseline -0.004 -4"><span class='ocrx_word' id='word_1_632' title='bbox 312 2863 326 2876; x_wconf 84' lang='lat'>‘¹</span> <span class='ocrx_word' id='word_1_633' title='bbox 334 2862 443 2887; x_wconf 81' lang='lat' dir='ltr'>Iuliano</span> <span class='ocrx_word' id='word_1_634' title='bbox 453 2863 486 2886; x_wconf 88' lang='lat' dir='ltr'>de</span> <span class='ocrx_word' id='word_1_635' title='bbox 495 2862 623 2886; x_wconf 86' lang='lat' dir='ltr'>Ruzeriis</span> <span class='ocrx_word' id='word_1_636' title='bbox 632 2862 754 2891; x_wconf 69' lang='lat' dir='ltr'>notario,</span> <span class='ocrx_word' id='word_1_637' title='bbox 765 2863 848 2886; x_wconf 86' lang='lat' dir='ltr'>Petro</span> <span class='ocrx_word' id='word_1_638' title='bbox 855 2862 888 2885; x_wconf 92' lang='lat' dir='ltr'>de</span> <span class='ocrx_word' id='word_1_639' title='bbox 897 2861 992 2886; x_wconf 83' lang='lat' dir='ltr'>Vilula</span> <span class='ocrx_word' id='word_1_640' title='bbox 1000 2861 1122 2890; x_wconf 85' lang='lat' dir='ltr'>notario,</span> <span class='ocrx_word' id='word_1_641' title='bbox 1130 2859 1207 2884; x_wconf 81' lang='lat' dir='ltr'>Ioha-</span> 
     </span>
     <span class='ocr_line' id='line_1_65' title="bbox 312 2902 1204 2935; baseline -0.002 -7"><span class='ocrx_word' id='word_1_642' title='bbox 312 2906 325 2918; x_wconf 85' lang='lat'><em>“</em></span> <span class='ocrx_word' id='word_1_643' title='bbox 337 2906 405 2928; x_wconf 84' lang='lat' dir='ltr'>nino</span> <span class='ocrx_word' id='word_1_644' title='bbox 420 2904 453 2928; x_wconf 89' lang='lat' dir='ltr'>de</span> <span class='ocrx_word' id='word_1_645' title='bbox 467 2903 645 2928; x_wconf 81' lang='lat' dir='ltr'>Carbonibus</span> <span class='ocrx_word' id='word_1_646' title='bbox 659 2905 772 2928; x_wconf 81' lang='lat' dir='ltr'>notario</span> <span class='ocrx_word' id='word_1_647' title='bbox 786 2906 816 2928; x_wconf 84' lang='lat' dir='ltr'>et</span> <span class='ocrx_word' id='word_1_648' title='bbox 829 2904 895 2928; x_wconf 86' lang='lat' dir='ltr'>aliis</span> <span class='ocrx_word' id='word_1_649' title='bbox 909 2903 1035 2935; x_wconf 85' lang='lat' dir='ltr'>pluribus</span> <span class='ocrx_word' id='word_1_650' title='bbox 1049 2902 1168 2926; x_wconf 88' lang='lat' dir='ltr'>testibus</span> <span class='ocrx_word' id='word_1_651' title='bbox 1183 2919 1204 2933; x_wconf 81' lang='grc'>,,.</span> 
     </span>
    </p>

    <p class='ocr_par' dir='ltr' id='par_1_18' title="bbox 315 2942 1204 3019">
     <span class='ocr_line' id='line_1_66' title="bbox 401 2942 1204 2978; baseline -0.002 -8"><span class='ocrx_word' id='word_1_652' title='bbox 401 2946 451 2970; x_wconf 91' lang='lat' dir='ltr'>Del</span> <span class='ocrx_word' id='word_1_653' title='bbox 477 2947 560 2977; x_wconf 86' lang='lat' dir='ltr'>resto,</span> <span class='ocrx_word' id='word_1_654' title='bbox 585 2952 634 2978; x_wconf 81' lang='lat' dir='ltr'>per</span> <span class='ocrx_word' id='word_1_655' title='bbox 653 2945 697 2970; x_wconf 74' lang='lat' dir='ltr'>cio</span> <span class='ocrx_word' id='word_1_656' title='bbox 717 2945 766 2970; x_wconf 87' lang='lat' dir='ltr'>che</span> <span class='ocrx_word' id='word_1_657' title='bbox 793 2946 925 2978; x_wconf 82' lang='lat' dir='ltr'>riguarda</span> <span class='ocrx_word' id='word_1_658' title='bbox 946 2944 967 2969; x_wconf 84' lang='grc'>11</span> <span class='ocrx_word' id='word_1_659' title='bbox 993 2943 1109 2975; x_wconf 76' lang='lat' dir='ltr'>vicario,</span> <span class='ocrx_word' id='word_1_660' title='bbox 1134 2942 1148 2968; x_wconf 74' lang='grc' dir='ltr'>ὲ</span> <span class='ocrx_word' id='word_1_661' title='bbox 1172 2944 1204 2968; x_wconf 84' lang='lat' dir='ltr'>da</span> 
     </span>
     <span class='ocr_line' id='line_1_67' title="bbox 315 2986 1204 3019; baseline -0.002 -7"><span class='ocrx_word' id='word_1_662' title='bbox 315 2989 454 3012; x_wconf 85' lang='lat' dir='ltr'>avvertlre</span> <span class='ocrx_word' id='word_1_663' title='bbox 479 2989 530 3012; x_wconf 87' lang='lat' dir='ltr'>che</span> <span class='ocrx_word' id='word_1_664' title='bbox 556 2988 620 3011; x_wconf 80' lang='lat' dir='ltr'>sino</span> <span class='ocrx_word' id='word_1_665' title='bbox 641 2988 683 3011; x_wconf 77' lang='lat' dir='ltr'>dal</span> <span class='ocrx_word' id='word_1_666' title='bbox 704 2995 716 3011; x_wconf 78' lang='lat'>2</span> <span class='ocrx_word' id='word_1_667' title='bbox 738 2988 826 3019; x_wconf 77' lang='lat' dir='ltr'>aprile</span> <span class='ocrx_word' id='word_1_668' title='bbox 846 2995 875 3012; x_wconf 83' lang='lat' dir='ltr'>se</span> <span class='ocrx_word' id='word_1_669' title='bbox 900 2995 935 3011; x_wconf 86' lang='lat' dir='ltr'>ne</span> <span class='ocrx_word' id='word_1_670' title='bbox 961 2988 994 3012; x_wconf 79' lang='lat' dir='ltr'>ha</span> <span class='ocrx_word' id='word_1_671' title='bbox 1022 2986 1133 3011; x_wconf 85' lang='lat' dir='ltr'>ricordo</span> <span class='ocrx_word' id='word_1_672' title='bbox 1158 2988 1204 3010; x_wconf 86' lang='lat' dir='ltr'>nei</span> 
     </span>
    </p>
   </div>
   <div class='ocr_carea' id='block_1_15' title="bbox 1250 1686 2157 3017">
    <p class='ocr_par' dir='ltr' id='par_1_19' title="bbox 1250 1686 2151 2264">
     <span class='ocr_line' id='line_1_68' title="bbox 1251 1686 2148 1722; baseline -0.006 -7"><span class='ocrx_word' id='word_1_673' title='bbox 1251 1691 1341 1719; x_wconf 71' lang='lat' dir='ltr'>Mem„</span> <span class='ocrx_word' id='word_1_674' title='bbox 1360 1698 1384 1715; x_wconf 84' lang='lat' dir='ltr'>a.</span> <span class='ocrx_word' id='word_1_675' title='bbox 1403 1697 1478 1722; x_wconf 85' lang='lat'>1313,</span> <span class='ocrx_word' id='word_1_676' title='bbox 1498 1697 1525 1713; x_wconf 86' lang='lat' dir='ltr'>n.</span> <span class='ocrx_word' id='word_1_677' title='bbox 1540 1688 1616 1721; x_wconf 65' lang='lat'><strong>3679,</strong></span> <span class='ocrx_word' id='word_1_678' title='bbox 1631 1689 1703 1713; x_wconf 86' lang='lat' dir='ltr'>dove</span> <span class='ocrx_word' id='word_1_679' title='bbox 1717 1687 1737 1712; x_wconf 86' lang='lat' dir='ltr'>il</span> <span class='ocrx_word' id='word_1_680' title='bbox 1750 1688 1849 1712; x_wconf 83' lang='lat' dir='ltr'>notaio</span> <span class='ocrx_word' id='word_1_681' title='bbox 1864 1687 1924 1711; x_wconf 89' lang='lat' dir='ltr'>dice</span> <span class='ocrx_word' id='word_1_682' title='bbox 1942 1686 1970 1711; x_wconf 90' lang='lat' dir='ltr'>di</span> <span class='ocrx_word' id='word_1_683' title='bbox 1984 1694 2059 1711; x_wconf 83' lang='lat' dir='ltr'>esser</span> <span class='ocrx_word' id='word_1_684' title='bbox 2072 1687 2148 1710; x_wconf 77' lang='lat' dir='ltr'>stato</span> 
     </span>
     <span class='ocr_line' id='line_1_69' title="bbox 1250 1728 2149 1764; baseline -0.004 -8"><span class='ocrx_word' id='word_1_685' title='bbox 1250 1733 1380 1764; x_wconf 88' lang='lat' dir='ltr'>delegato</span> <span class='ocrx_word' id='word_1_686' title='bbox 1394 1730 1536 1756; x_wconf 76' lang='lat' dir='ltr'>all’ufficio</span> <span class='ocrx_word' id='word_1_687' title='bbox 1556 1732 1600 1755; x_wconf 86' lang='lat' dir='ltr'>dei</span> <span class='ocrx_word' id='word_1_688' title='bbox 1620 1730 1764 1754; x_wconf 85' lang='lat' dir='ltr'>memorali</span> <span class='ocrx_word' id='word_1_689' title='bbox 1783 1730 1841 1753; x_wconf 83' lang='lat' dir='ltr'>“de</span> <span class='ocrx_word' id='word_1_690' title='bbox 1862 1728 1995 1753; x_wconf 80' lang='lat' dir='ltr'>mandato</span> <span class='ocrx_word' id='word_1_691' title='bbox 2015 1728 2149 1752; x_wconf 86' lang='lat' dir='ltr'>domino-</span> 
     </span>
     <span class='ocr_line' id='line_1_70' title="bbox 1252 1769 2149 1800; baseline -0.006 -2"><span class='ocrx_word' id='word_1_692' title='bbox 1252 1774 1264 1785; x_wconf 82' lang='lat'>“</span> <span class='ocrx_word' id='word_1_693' title='bbox 1277 1782 1338 1798; x_wconf 84' lang='lat' dir='ltr'>rum</span> <span class='ocrx_word' id='word_1_694' title='bbox 1360 1774 1488 1797; x_wconf 80' lang='lat' dir='ltr'>Butironi</span> <span class='ocrx_word' id='word_1_695' title='bbox 1508 1775 1542 1797; x_wconf 89' lang='lat' dir='ltr'>et</span> <span class='ocrx_word' id='word_1_696' title='bbox 1555 1771 1715 1796; x_wconf 85' lang='lat' dir='ltr'>Rolandi</span> <span class='ocrx_word' id='word_1_697' title='bbox 1736 1772 1811 1795; x_wconf 88' lang='lat' dir='ltr'>eius</span> <span class='ocrx_word' id='word_1_698' title='bbox 1831 1770 2006 1800; x_wconf 76' lang='lat' dir='ltr'>vicarii„·.</span> <span class='ocrx_word' id='word_1_699' title='bbox 2027 1776 2042 1793; x_wconf 93' lang='lat' dir='ltr'>e</span> <span class='ocrx_word' id='word_1_700' title='bbox 2061 1769 2149 1794; x_wconf 84' lang='lat' dir='ltr'>anche</span> 
     </span>
     <span class='ocr_line' id='line_1_71' title="bbox 1250 1812 2149 1845; baseline -0.006 -5"><span class='ocrx_word' id='word_1_701' title='bbox 1250 1818 1471 1840; x_wconf 81' lang='lat' dir='ltr'>anteriormente</span> <span class='ocrx_word' id='word_1_702' title='bbox 1490 1815 1615 1839; x_wconf 84' lang='lat' dir='ltr'>dall&#39;atto</span> <span class='ocrx_word' id='word_1_703' title='bbox 1637 1814 1678 1838; x_wconf 89' lang='lat' dir='ltr'>del</span> <span class='ocrx_word' id='word_1_704' title='bbox 1697 1820 1728 1845; x_wconf 86' lang='lat'>3¹</span> <span class='ocrx_word' id='word_1_705' title='bbox 1750 1814 1871 1845; x_wconf 81' lang='lat' dir='ltr'>germaio</span> <span class='ocrx_word' id='word_1_706' title='bbox 1901 1818 1965 1844; x_wconf 84' lang='lat'>1313</span> <span class='ocrx_word' id='word_1_707' title='bbox 1986 1819 2039 1836; x_wconf 82' lang='lat' dir='ltr'>con</span> <span class='ocrx_word' id='word_1_708' title='bbox 2063 1812 2109 1836; x_wconf 89' lang='lat' dir='ltr'>cui</span> <span class='ocrx_word' id='word_1_709' title='bbox 2129 1812 2149 1836; x_wconf 87' lang='lat' dir='ltr'>il</span> 
     </span>
     <span class='ocr_line' id='line_1_72' title="bbox 1251 1853 2149 1886; baseline -0.006 -5"><span class='ocrx_word' id='word_1_710' title='bbox 1251 1858 1359 1881; x_wconf 82' lang='lat' dir='ltr'>vicario</span> <span class='ocrx_word' id='word_1_711' title='bbox 1368 1856 1497 1881; x_wconf 82' lang='lat' dir='ltr'>Rolando</span> <span class='ocrx_word' id='word_1_712' title='bbox 1509 1856 1633 1880; x_wconf 82' lang='lat' dir='ltr'>Carboni</span> <span class='ocrx_word' id='word_1_713' title='bbox 1645 1856 1762 1878; x_wconf 88' lang='lat' dir='ltr'>insieme</span> <span class='ocrx_word' id='word_1_714' title='bbox 1772 1855 1816 1878; x_wconf 89' lang='lat' dir='ltr'>col</span> <span class='ocrx_word' id='word_1_715' title='bbox 1823 1854 1963 1886; x_wconf 87' lang='lat' dir='ltr'>consiglio</span> <span class='ocrx_word' id='word_1_716' title='bbox 1976 1853 2020 1878; x_wconf 89' lang='lat' dir='ltr'>del</span> <span class='ocrx_word' id='word_1_717' title='bbox 2031 1860 2149 1877; x_wconf 87' lang='lat' dir='ltr'>comune</span> 
     </span>
     <span class='ocr_line' id='line_1_73' title="bbox 1252 1894 2148 1927; baseline -0.003 -5"><span class='ocrx_word' id='word_1_718' title='bbox 1252 1899 1281 1923; x_wconf 92' lang='lat' dir='ltr'>di</span> <span class='ocrx_word' id='word_1_719' title='bbox 1296 1898 1416 1922; x_wconf 82' lang='lat' dir='ltr'>Modena</span> <span class='ocrx_word' id='word_1_720' title='bbox 1431 1898 1619 1921; x_wconf 86' lang='lat' dir='ltr'>nominarono</span> <span class='ocrx_word' id='word_1_721' title='bbox 1630 1896 1681 1920; x_wconf 84' lang='lat' dir='ltr'>due</span> <span class='ocrx_word' id='word_1_722' title='bbox 1696 1896 1817 1927; x_wconf 88' lang='lat' dir='ltr'>delegati</span> <span class='ocrx_word' id='word_1_723' title='bbox 1828 1903 1844 1919; x_wconf 86' lang='lat' dir='ltr'>a</span> <span class='ocrx_word' id='word_1_724' title='bbox 1855 1895 1948 1919; x_wconf 64' lang='lat' dir='ltr'>offrnre</span> <span class='ocrx_word' id='word_1_725' title='bbox 1955 1896 1981 1919; x_wconf 77' lang='lat' dir='ltr'>la</span> <span class='ocrx_word' id='word_1_726' title='bbox 1991 1894 2148 1927; x_wconf 76' lang='lat' dir='ltr'>podesteria</span> 
     </span>
     <span class='ocr_line' id='line_1_74' title="bbox 1252 1935 2150 1969; baseline -0.004 -6"><span class='ocrx_word' id='word_1_727' title='bbox 1252 1939 1324 1964; x_wconf 84' lang='lat' dir='ltr'>della</span> <span class='ocrx_word' id='word_1_728' title='bbox 1342 1937 1412 1963; x_wconf 61' lang='lat' dir='ltr'>cittii</span> <span class='ocrx_word' id='word_1_729' title='bbox 1433 1939 1546 1962; x_wconf 74' lang='lat' dir='ltr'>“nobili</span> <span class='ocrx_word' id='word_1_730' title='bbox 1566 1938 1630 1961; x_wconf 80' lang='lat' dir='ltr'>viro</span> <span class='ocrx_word' id='word_1_731' title='bbox 1649 1937 1676 1960; x_wconf 91' lang='lat' dir='ltr'>d.</span> <span class='ocrx_word' id='word_1_732' title='bbox 1696 1937 1803 1969; x_wconf 72' lang='lat' dir='ltr'>Loysio</span> <span class='ocrx_word' id='word_1_733' title='bbox 1822 1936 1844 1960; x_wconf 76' lang='lat' dir='ltr'>f.</span> <span class='ocrx_word' id='word_1_734' title='bbox 1864 1937 1890 1960; x_wconf 92' lang='lat' dir='ltr'>d.</span> <span class='ocrx_word' id='word_1_735' title='bbox 1904 1936 2008 1961; x_wconf 79' lang='lat' dir='ltr'>Coradi</span> <span class='ocrx_word' id='word_1_736' title='bbox 2021 1935 2058 1959; x_wconf 85' lang='lat' dir='ltr'>de</span> <span class='ocrx_word' id='word_1_737' title='bbox 2072 1935 2150 1960; x_wconf 87' lang='lat' dir='ltr'>Gon-</span> 
     </span>
     <span class='ocr_line' id='line_1_75' title="bbox 1253 1977 2149 2013; baseline -0.004 -9"><span class='ocrx_word' id='word_1_738' title='bbox 1253 1982 1266 1994; x_wconf 78' lang='lat'>¹‘</span> <span class='ocrx_word' id='word_1_739' title='bbox 1277 1988 1372 2013; x_wconf 86' lang='lat' dir='ltr'>zaga..</span> <span class='ocrx_word' id='word_1_740' title='bbox 1382 1998 1400 2005; x_wconf 85' lang='lat'>..</span> <span class='ocrx_word' id='word_1_741' title='bbox 1422 1981 1456 2004; x_wconf 87' lang='lat' dir='ltr'>ad</span> <span class='ocrx_word' id='word_1_742' title='bbox 1470 1988 1516 2003; x_wconf 79' lang='lat' dir='ltr'>sex</span> <span class='ocrx_word' id='word_1_743' title='bbox 1528 1986 1635 2004; x_wconf 85' lang='lat' dir='ltr'>menses</span> <span class='ocrx_word' id='word_1_744' title='bbox 1650 1979 1825 2002; x_wconf 85' lang='lat' dir='ltr'>inchoandos</span> <span class='ocrx_word' id='word_1_745' title='bbox 1839 1979 1869 2002; x_wconf 91' lang='lat' dir='ltr'>in</span> <span class='ocrx_word' id='word_1_746' title='bbox 1884 1977 2013 2002; x_wconf 84' lang='lat' dir='ltr'>kalendis</span> <span class='ocrx_word' id='word_1_747' title='bbox 2026 1978 2149 2009; x_wconf 85' lang='lat' dir='ltr'>proximi</span> 
     </span>
     <span class='ocr_line' id='line_1_76' title="bbox 1253 2020 2150 2052; baseline -0.004 -5"><span class='ocrx_word' id='word_1_748' title='bbox 1253 2024 1265 2036; x_wconf 66' lang='lat'>‘⁴&#39;</span> <span class='ocrx_word' id='word_1_749' title='bbox 1276 2023 1415 2047; x_wconf 73' lang='lat' dir='ltr'>februarii</span> <span class='ocrx_word' id='word_1_750' title='bbox 1427 2024 1455 2046; x_wconf 84' lang='lat' dir='ltr'>et</span> <span class='ocrx_word' id='word_1_751' title='bbox 1465 2022 1645 2052; x_wconf 85' lang='lat' dir='ltr'>complendos</span> <span class='ocrx_word' id='word_1_752' title='bbox 1654 2021 1891 2051; x_wconf 83' lang='lat' dir='ltr'>subsequenterin</span> <span class='ocrx_word' id='word_1_753' title='bbox 1902 2020 2028 2043; x_wconf 54' lang='lat' dir='ltr'>kalende</span> <span class='ocrx_word' id='word_1_754' title='bbox 2038 2020 2150 2051; x_wconf 84' lang='lat' dir='ltr'>augusti</span> 
     </span>
     <span class='ocr_line' id='line_1_77' title="bbox 1255 2061 2150 2097; baseline -0.004 -9"><span class='ocrx_word' id='word_1_755' title='bbox 1255 2065 1268 2078; x_wconf 71' lang='lat'>‘⁴</span> <span class='ocrx_word' id='word_1_756' title='bbox 1278 2065 1406 2097; x_wconf 87' lang='lat' dir='ltr'>proxime</span> <span class='ocrx_word' id='word_1_757' title='bbox 1426 2064 1602 2088; x_wconf 86' lang='lat' dir='ltr'>succedentis</span> <span class='ocrx_word' id='word_1_758' title='bbox 1613 2082 1625 2094; x_wconf 54' lang='grc' dir='ltr'><em>η</em></span> <span class='ocrx_word' id='word_1_759' title='bbox 1647 2062 1695 2093; x_wconf 77' lang='lat' dir='ltr'>(cf.</span> <span class='ocrx_word' id='word_1_760' title='bbox 1715 2063 1906 2089; x_wconf 60' lang='lat' dir='ltr'>Tmuoscm,</span> <span class='ocrx_word' id='word_1_761' title='bbox 1920 2062 2001 2084; x_wconf 68' lang='lat' dir='ltr'>illem.</span> <span class='ocrx_word' id='word_1_762' title='bbox 2015 2064 2058 2090; x_wconf 61' lang='lat' dir='ltr'>st„</span> <span class='ocrx_word' id='word_1_763' title='bbox 2073 2061 2107 2090; x_wconf 86' lang='lat' dir='ltr'>V,</span> <span class='ocrx_word' id='word_1_764' title='bbox 2122 2069 2150 2086; x_wconf 83' lang='lat' dir='ltr'>n.</span> 
     </span>
     <span class='ocr_line' id='line_1_78' title="bbox 1253 2103 2151 2139; baseline -0.004 -9"><span class='ocrx_word' id='word_1_765' title='bbox 1253 2106 1319 2139; x_wconf 81' lang='lat'>978:</span> <span class='ocrx_word' id='word_1_766' title='bbox 1340 2106 1359 2129; x_wconf 87' lang='lat' dir='ltr'>il</span> <span class='ocrx_word' id='word_1_767' title='bbox 1380 2107 1548 2129; x_wconf 85' lang='lat' dir='ltr'>documento</span> <span class='ocrx_word' id='word_1_768' title='bbox 1569 2103 1582 2128; x_wconf 80' lang='grc' dir='ltr'>ὲ</span> <span class='ocrx_word' id='word_1_769' title='bbox 1604 2103 1714 2128; x_wconf 72' lang='lat' dir='ltr'>riferito</span> <span class='ocrx_word' id='word_1_770' title='bbox 1728 2104 1763 2127; x_wconf 84' lang='lat' dir='ltr'>da</span> <span class='ocrx_word' id='word_1_771' title='bbox 1782 2104 1803 2128; x_wconf 87' lang='grc' dir='ltr'>Ι.</span> <span class='ocrx_word' id='word_1_772' title='bbox 1823 2104 1937 2133; x_wconf 72' lang='lat' dir='ltr'>DA1N0‚</span> <span class='ocrx_word' id='word_1_773' title='bbox 1950 2104 1994 2127; x_wconf 81' lang='lat' dir='ltr'>De</span> <span class='ocrx_word' id='word_1_774' title='bbox 2006 2103 2113 2135; x_wconf 61' lang='lat' dir='ltr'>ortgrimo</span> <span class='ocrx_word' id='word_1_775' title='bbox 2125 2106 2151 2126; x_wconf 77' lang='lat' dir='ltr'>et</span> 
     </span>
     <span class='ocr_line' id='line_1_79' title="bbox 1250 2144 2150 2182; baseline -0.004 -10"><span class='ocrx_word' id='word_1_776' title='bbox 1250 2148 1417 2182; x_wconf 51' lang='lat' dir='ltr'>genealogia</span> <span class='ocrx_word' id='word_1_777' title='bbox 1436 2148 1525 2172; x_wconf 87' lang='lat' dir='ltr'>Ill.me</span> <span class='ocrx_word' id='word_1_778' title='bbox 1544 2147 1633 2170; x_wconf 79' lang='lat' dir='ltr'>domus</span> <span class='ocrx_word' id='word_1_779' title='bbox 1652 2146 1695 2170; x_wconf 79' lang='lat' dir='ltr'>dd.</span> <span class='ocrx_word' id='word_1_780' title='bbox 1716 2146 1748 2170; x_wconf 77' lang='lat' dir='ltr'>de</span> <span class='ocrx_word' id='word_1_781' title='bbox 1767 2146 1898 2177; x_wconf 77' lang='lat' dir='ltr'>Ganzaga</span> <span class='ocrx_word' id='word_1_782' title='bbox 1917 2145 1963 2169; x_wconf 89' lang='lat' dir='ltr'>nel</span> <span class='ocrx_word' id='word_1_783' title='bbox 1982 2146 2021 2170; x_wconf 92' lang='lat' dir='ltr'>R.</span> <span class='ocrx_word' id='word_1_784' title='bbox 2042 2144 2150 2169; x_wconf 83' lang='lat' dir='ltr'>Arch.</span> 
     </span>
     <span class='ocr_line' id='line_1_80' title="bbox 1254 2186 2150 2219; baseline -0.004 -4"><span class='ocrx_word' id='word_1_785' title='bbox 1254 2192 1289 2215; x_wconf 85' lang='lat' dir='ltr'>di</span> <span class='ocrx_word' id='word_1_786' title='bbox 1309 2191 1414 2215; x_wconf 77' lang='lat' dir='ltr'>stato</span> <span class='ocrx_word' id='word_1_787' title='bbox 1434 2190 1468 2213; x_wconf 88' lang='lat' dir='ltr'>di</span> <span class='ocrx_word' id='word_1_788' title='bbox 1496 2190 1685 2217; x_wconf 79' lang='lat' dir='ltr'>Mantova,</span> <span class='ocrx_word' id='word_1_789' title='bbox 1711 2195 1791 2212; x_wconf 86' lang='lat' dir='ltr'>corne</span> <span class='ocrx_word' id='word_1_790' title='bbox 1816 2188 1855 2212; x_wconf 90' lang='lat' dir='ltr'>mi</span> <span class='ocrx_word' id='word_1_791' title='bbox 1881 2187 2006 2212; x_wconf 76' lang='lat' dir='ltr'>informa</span> <span class='ocrx_word' id='word_1_792' title='bbox 2031 2187 2051 2211; x_wconf 87' lang='lat' dir='ltr'>il</span> <span class='ocrx_word' id='word_1_793' title='bbox 2077 2186 2150 2219; x_wconf 79' lang='lat' dir='ltr'>prof.</span> 
     </span>
     <span class='ocr_line' id='line_1_81' title="bbox 1254 2233 1436 2264; baseline -0.011 -6"><span class='ocrx_word' id='word_1_794' title='bbox 1254 2235 1285 2258; x_wconf 85' lang='lat' dir='ltr'>P.</span> <span class='ocrx_word' id='word_1_795' title='bbox 1307 2233 1436 2264; x_wconf 82' lang='lat' dir='ltr'>Torelli).</span> 
     </span>
    </p>

    <p class='ocr_par' dir='ltr' id='par_1_20' title="bbox 1256 2271 2152 2515">
     <span class='ocr_line' id='line_1_82' title="bbox 1343 2271 2150 2298; baseline -0.004 -1"><span class='ocrx_word' id='word_1_796' title='bbox 1343 2273 1351 2290; x_wconf 85' lang='lat'>¹</span> <span class='ocrx_word' id='word_1_797' title='bbox 1370 2274 1394 2298; x_wconf 81' lang='lat'>11</span> <span class='ocrx_word' id='word_1_798' title='bbox 1409 2281 1526 2298; x_wconf 78' lang='lat' dir='ltr'>vescovo</span> <span class='ocrx_word' id='word_1_799' title='bbox 1547 2274 1709 2297; x_wconf 85' lang='lat' dir='ltr'>Bonadamo</span> <span class='ocrx_word' id='word_1_800' title='bbox 1724 2272 1867 2297; x_wconf 71' lang='lat' dir='ltr'>Bos-chetti</span> <span class='ocrx_word' id='word_1_801' title='bbox 1881 2279 1927 2296; x_wconf 78' lang='lat' dir='ltr'>era</span> <span class='ocrx_word' id='word_1_802' title='bbox 1940 2271 2095 2295; x_wconf 81' lang='lat' dir='ltr'>fuoruscito</span> <span class='ocrx_word' id='word_1_803' title='bbox 2107 2271 2150 2295; x_wconf 89' lang='lat' dir='ltr'>in-</span> 
     </span>
     <span class='ocr_line' id='line_1_83' title="bbox 1256 2313 2152 2347; baseline -0.003 -7"><span class='ocrx_word' id='word_1_804' title='bbox 1256 2317 1340 2341; x_wconf 84' lang='lat' dir='ltr'>sieme</span> <span class='ocrx_word' id='word_1_805' title='bbox 1359 2317 1402 2339; x_wconf 89' lang='lat' dir='ltr'>coi</span> <span class='ocrx_word' id='word_1_806' title='bbox 1423 2317 1486 2339; x_wconf 90' lang='lat' dir='ltr'>suoi</span> <span class='ocrx_word' id='word_1_807' title='bbox 1506 2316 1643 2344; x_wconf 82' lang='lat' dir='ltr'>consorti,</span> <span class='ocrx_word' id='word_1_808' title='bbox 1665 2315 1866 2347; x_wconf 85' lang='lat' dir='ltr'>appartenenti</span> <span class='ocrx_word' id='word_1_809' title='bbox 1886 2314 1939 2338; x_wconf 80' lang='lat' dir='ltr'>alla</span> <span class='ocrx_word' id='word_1_810' title='bbox 1958 2315 2037 2346; x_wconf 82' lang='lat' dir='ltr'>parte</span> <span class='ocrx_word' id='word_1_811' title='bbox 2058 2313 2152 2345; x_wconf 80' lang='lat' dir='ltr'>guelfa</span> 
     </span>
     <span class='ocr_line' id='line_1_84' title="bbox 1256 2354 2152 2390; baseline -0.002 -9"><span class='ocrx_word' id='word_1_812' title='bbox 1256 2359 1329 2390; x_wconf 88' lang='lat' dir='ltr'>degli</span> <span class='ocrx_word' id='word_1_813' title='bbox 1344 2358 1459 2390; x_wconf 86' lang='lat' dir='ltr'>Aigoni,</span> <span class='ocrx_word' id='word_1_814' title='bbox 1474 2359 1536 2381; x_wconf 78' lang='lat' dir='ltr'>sino</span> <span class='ocrx_word' id='word_1_815' title='bbox 1551 2356 1695 2381; x_wconf 84' lang='lat' dir='ltr'>dall’anno</span> <span class='ocrx_word' id='word_1_816' title='bbox 1706 2356 1869 2388; x_wconf 85' lang='lat' dir='ltr'>precedente</span> <span class='ocrx_word' id='word_1_817' title='bbox 1883 2354 1930 2386; x_wconf 77' lang='lat' dir='ltr'>(cf.</span> <span class='ocrx_word' id='word_1_818' title='bbox 1943 2363 1970 2387; x_wconf 89' lang='lat' dir='ltr'>p.</span> <span class='ocrx_word' id='word_1_819' title='bbox 1982 2355 2025 2386; x_wconf 87' lang='grc'>65,</span> <span class='ocrx_word' id='word_1_820' title='bbox 2037 2363 2064 2379; x_wconf 85' lang='grc' dir='ltr'>η.</span> <span class='ocrx_word' id='word_1_821' title='bbox 2075 2354 2118 2385; x_wconf 85' lang='lat'>6):</span> <span class='ocrx_word' id='word_1_822' title='bbox 2133 2355 2152 2379; x_wconf 84' lang='lat' dir='ltr'>il</span> 
     </span>
     <span class='ocr_line' id='line_1_85' title="bbox 1257 2395 2151 2432; baseline -0.003 -9"><span class='ocrx_word' id='word_1_823' title='bbox 1257 2401 1359 2432; x_wconf 85' lang='lat' dir='ltr'>giorno</span> <span class='ocrx_word' id='word_1_824' title='bbox 1379 2400 1450 2423; x_wconf 80' lang='lat' dir='ltr'>della.</span> <span class='ocrx_word' id='word_1_825' title='bbox 1462 2399 1645 2423; x_wconf 77' lang='lat' dir='ltr'>conversione</span> <span class='ocrx_word' id='word_1_826' title='bbox 1660 2399 1689 2422; x_wconf 89' lang='lat' dir='ltr'>di</span> <span class='ocrx_word' id='word_1_827' title='bbox 1703 2405 1754 2423; x_wconf 81' lang='lat' dir='ltr'>san</span> <span class='ocrx_word' id='word_1_828' title='bbox 1768 2398 1854 2422; x_wconf 88' lang='lat' dir='ltr'>Paolo</span> <span class='ocrx_word' id='word_1_829' title='bbox 1869 2395 1883 2421; x_wconf 82' lang='grc' dir='ltr'>ὲ</span> <span class='ocrx_word' id='word_1_830' title='bbox 1898 2398 1917 2421; x_wconf 92' lang='lat' dir='ltr'>il</span> <span class='ocrx_word' id='word_1_831' title='bbox 1932 2404 1963 2429; x_wconf 82' lang='lat'>25</span> <span class='ocrx_word' id='word_1_832' title='bbox 1977 2398 2116 2428; x_wconf 75' lang='lat' dir='ltr'>gennaio3</span> <span class='ocrx_word' id='word_1_833' title='bbox 2130 2397 2151 2421; x_wconf 89' lang='lat' dir='ltr'>il</span> 
     </span>
     <span class='ocr_line' id='line_1_86' title="bbox 1260 2438 2152 2473; baseline -0.004 -7"><span class='ocrx_word' id='word_1_834' title='bbox 1260 2443 1320 2467; x_wconf 75' lang='lat' dir='ltr'>Chr.</span> <span class='ocrx_word' id='word_1_835' title='bbox 1341 2450 1410 2473; x_wconf 61' lang='lat' dir='ltr'>reg„</span> <span class='ocrx_word' id='word_1_836' title='bbox 1430 2442 1482 2465; x_wconf 88' lang='lat' dir='ltr'>loc.</span> <span class='ocrx_word' id='word_1_837' title='bbox 1502 2441 1560 2470; x_wconf 79' lang='lat' dir='ltr'>cit.‚</span> <span class='ocrx_word' id='word_1_838' title='bbox 1582 2446 1623 2471; x_wconf 79' lang='lat'>23,</span> <span class='ocrx_word' id='word_1_839' title='bbox 1643 2440 1704 2464; x_wconf 82' lang='lat' dir='ltr'>dice</span> <span class='ocrx_word' id='word_1_840' title='bbox 1724 2441 1773 2464; x_wconf 86' lang='lat' dir='ltr'>che</span> <span class='ocrx_word' id='word_1_841' title='bbox 1794 2438 1865 2463; x_wconf 74' lang='lat' dir='ltr'>mori</span> <span class='ocrx_word' id='word_1_842' title='bbox 1885 2439 1903 2462; x_wconf 89' lang='lat' dir='ltr'>il</span> <span class='ocrx_word' id='word_1_843' title='bbox 1924 2445 1958 2469; x_wconf 77' lang='lat'>25</span> <span class='ocrx_word' id='word_1_844' title='bbox 1972 2446 1987 2463; x_wconf 90' lang='lat' dir='ltr'>e</span> <span class='ocrx_word' id='word_1_845' title='bbox 2000 2438 2029 2462; x_wconf 80' lang='lat' dir='ltr'>fu</span> <span class='ocrx_word' id='word_1_846' title='bbox 2043 2438 2152 2471; x_wconf 82' lang='lat' dir='ltr'>sepolto</span> 
     </span>
     <span class='ocr_line' id='line_1_87' title="bbox 1259 2481 2073 2515; baseline -0.004 -8"><span class='ocrx_word' id='word_1_847' title='bbox 1259 2484 1312 2507; x_wconf 78' lang='lat' dir='ltr'>“in</span> <span class='ocrx_word' id='word_1_848' title='bbox 1333 2483 1449 2507; x_wconf 83' lang='lat' dir='ltr'>ecclesia</span> <span class='ocrx_word' id='word_1_849' title='bbox 1470 2483 1572 2507; x_wconf 88' lang='lat' dir='ltr'>maiori</span> <span class='ocrx_word' id='word_1_850' title='bbox 1591 2482 1666 2515; x_wconf 83' lang='lat' dir='ltr'>apud</span> <span class='ocrx_word' id='word_1_851' title='bbox 1686 2483 1772 2506; x_wconf 84' lang='lat' dir='ltr'>altare</span> <span class='ocrx_word' id='word_1_852' title='bbox 1790 2482 1899 2505; x_wconf 71' lang='lat' dir='ltr'>sanetae</span> <span class='ocrx_word' id='word_1_853' title='bbox 1919 2481 2041 2512; x_wconf 84' lang='lat' dir='ltr'>Agnetis</span> <span class='ocrx_word' id='word_1_854' title='bbox 2052 2497 2073 2510; x_wconf 83' lang='lat'>„.</span> 
     </span>
    </p>

    <p class='ocr_par' dir='ltr' id='par_1_21' title="bbox 1259 2522 2156 2977">
     <span class='ocr_line' id='line_1_88' title="bbox 1347 2522 2150 2555; baseline -0.002 -7"><span class='ocrx_word' id='word_1_855' title='bbox 1347 2523 1357 2539; x_wconf 74' lang='lat'><strong>²</strong></span> <span class='ocrx_word' id='word_1_856' title='bbox 1378 2527 1403 2548; x_wconf 80' lang='lat' dir='ltr'><strong>A</strong></span> <span class='ocrx_word' id='word_1_857' title='bbox 1423 2527 1519 2555; x_wconf 79' lang='lat' dir='ltr'>questo</span> <span class='ocrx_word' id='word_1_858' title='bbox 1534 2524 1663 2548; x_wconf 69' lang='lat' dir='ltr'>misfatto</span> <span class='ocrx_word' id='word_1_859' title='bbox 1678 2524 1702 2547; x_wconf 82' lang='lat' dir='ltr'>si</span> <span class='ocrx_word' id='word_1_860' title='bbox 1717 2523 1841 2547; x_wconf 78' lang='lat' dir='ltr'>riserisce</span> <span class='ocrx_word' id='word_1_861' title='bbox 1855 2524 1881 2547; x_wconf 79' lang='lat' dir='ltr'>la</span> <span class='ocrx_word' id='word_1_862' title='bbox 1895 2523 2019 2546; x_wconf 87' lang='lat' dir='ltr'>terribile</span> <span class='ocrx_word' id='word_1_863' title='bbox 2033 2522 2108 2546; x_wconf 80' lang='lat' dir='ltr'>bolla</span> <span class='ocrx_word' id='word_1_864' title='bbox 2122 2522 2150 2546; x_wconf 86' lang='lat' dir='ltr'>di</span> 
     </span>
     <span class='ocr_line' id='line_1_89' title="bbox 1261 2564 2154 2599; baseline -0.004 -8"><span class='ocrx_word' id='word_1_865' title='bbox 1261 2568 1404 2592; x_wconf 85' lang='lat' dir='ltr'>Clemente</span> <span class='ocrx_word' id='word_1_866' title='bbox 1426 2567 1458 2596; x_wconf 70' lang='lat' dir='ltr'>V,</span> <span class='ocrx_word' id='word_1_867' title='bbox 1480 2573 1493 2590; x_wconf 88' lang='lat'><em>2</em></span> <span class='ocrx_word' id='word_1_868' title='bbox 1515 2567 1601 2599; x_wconf 89' lang='lat' dir='ltr'>aprile</span> <span class='ocrx_word' id='word_1_869' title='bbox 1622 2573 1688 2597; x_wconf 85' lang='lat'>1314</span> <span class='ocrx_word' id='word_1_870' title='bbox 1702 2565 1828 2596; x_wconf 73' lang='lat' dir='ltr'>(T1RA13.,</span> <span class='ocrx_word' id='word_1_871' title='bbox 1843 2564 1883 2589; x_wconf 85' lang='lat' dir='ltr'>St.</span> <span class='ocrx_word' id='word_1_872' title='bbox 1898 2565 1928 2589; x_wconf 78' lang='lat' dir='ltr'>di</span> <span class='ocrx_word' id='word_1_873' title='bbox 1939 2565 2018 2592; x_wconf 76' lang='lat' dir='ltr'>.Von.,</span> <span class='ocrx_word' id='word_1_874' title='bbox 2032 2564 2067 2594; x_wconf 87' lang='lat'>11,</span> <span class='ocrx_word' id='word_1_875' title='bbox 2081 2564 2154 2596; x_wconf 83' lang='lat'>410),</span> 
     </span>
     <span class='ocr_line' id='line_1_90' title="bbox 1261 2605 2153 2640; baseline -0.003 -7"><span class='ocrx_word' id='word_1_876' title='bbox 1261 2616 1313 2633; x_wconf 81' lang='lat' dir='ltr'>ove</span> <span class='ocrx_word' id='word_1_877' title='bbox 1333 2616 1403 2633; x_wconf 85' lang='lat' dir='ltr'>sono</span> <span class='ocrx_word' id='word_1_878' title='bbox 1423 2609 1568 2633; x_wconf 82' lang='lat' dir='ltr'>accennati</span> <span class='ocrx_word' id='word_1_879' title='bbox 1588 2608 1669 2632; x_wconf 91' lang='lat' dir='ltr'>molti</span> <span class='ocrx_word' id='word_1_880' title='bbox 1689 2607 1870 2640; x_wconf 81' lang='lat' dir='ltr'>particolari:</span> <span class='ocrx_word' id='word_1_881' title='bbox 1895 2605 1926 2630; x_wconf 85' lang='lat' dir='ltr'>fu</span> <span class='ocrx_word' id='word_1_882' title='bbox 1945 2614 1981 2629; x_wconf 87' lang='lat' dir='ltr'>un</span> <span class='ocrx_word' id='word_1_883' title='bbox 1999 2605 2153 2630; x_wconf 76' lang='lat' dir='ltr'>assassinio</span> 
     </span>
     <span class='ocr_line' id='line_1_91' title="bbox 1261 2647 2153 2682; baseline -0.003 -8"><span class='ocrx_word' id='word_1_884' title='bbox 1261 2651 1386 2680; x_wconf 83' lang='lat' dir='ltr'>ufficiale,</span> <span class='ocrx_word' id='word_1_885' title='bbox 1406 2651 1452 2674; x_wconf 88' lang='lat' dir='ltr'>cui</span> <span class='ocrx_word' id='word_1_886' title='bbox 1472 2657 1584 2682; x_wconf 87' lang='lat' dir='ltr'>presero</span> <span class='ocrx_word' id='word_1_887' title='bbox 1605 2650 1684 2682; x_wconf 82' lang='lat' dir='ltr'>parte</span> <span class='ocrx_word' id='word_1_888' title='bbox 1704 2649 1805 2673; x_wconf 86' lang='lat' dir='ltr'>diretta</span> <span class='ocrx_word' id='word_1_889' title='bbox 1825 2649 1834 2672; x_wconf 88' lang='lat' dir='ltr'>i</span> <span class='ocrx_word' id='word_1_890' title='bbox 1853 2648 2016 2672; x_wconf 77' lang='lat' dir='ltr'>funzionari</span> <span class='ocrx_word' id='word_1_891' title='bbox 2035 2655 2050 2672; x_wconf 89' lang='lat' dir='ltr'>e</span> <span class='ocrx_word' id='word_1_892' title='bbox 2069 2648 2079 2671; x_wconf 92' lang='lat' dir='ltr'>i</span> <span class='ocrx_word' id='word_1_893' title='bbox 2097 2647 2153 2671; x_wconf 80' lang='lat' dir='ltr'>sol-</span> 
     </span>
     <span class='ocr_line' id='line_1_92' title="bbox 1263 2689 2154 2723; baseline -0.002 -7"><span class='ocrx_word' id='word_1_894' title='bbox 1263 2692 1323 2716; x_wconf 86' lang='lat' dir='ltr'>dati</span> <span class='ocrx_word' id='word_1_895' title='bbox 1342 2693 1386 2716; x_wconf 87' lang='lat' dir='ltr'>dei</span> <span class='ocrx_word' id='word_1_896' title='bbox 1407 2692 1556 2716; x_wconf 77' lang='lat' dir='ltr'>Bonacolsi</span> <span class='ocrx_word' id='word_1_897' title='bbox 1570 2698 1584 2715; x_wconf 93' lang='lat' dir='ltr'>e</span> <span class='ocrx_word' id='word_1_898' title='bbox 1605 2692 1633 2714; x_wconf 88' lang='lat' dir='ltr'>in</span> <span class='ocrx_word' id='word_1_899' title='bbox 1649 2691 1800 2723; x_wconf 83' lang='lat' dir='ltr'>particolar</span> <span class='ocrx_word' id='word_1_900' title='bbox 1813 2689 1894 2714; x_wconf 88' lang='lat' dir='ltr'>modo</span> <span class='ocrx_word' id='word_1_901' title='bbox 1909 2690 1928 2713; x_wconf 89' lang='lat' dir='ltr'>il</span> <span class='ocrx_word' id='word_1_902' title='bbox 1940 2690 2001 2713; x_wconf 88' lang='lat' dir='ltr'>loro</span> <span class='ocrx_word' id='word_1_903' title='bbox 2022 2690 2154 2721; x_wconf 82' lang='lat' dir='ltr'>capitano</span> 
     </span>
     <span class='ocr_line' id='line_1_93' title="bbox 1263 2730 2154 2765; baseline -0.003 -7"><span class='ocrx_word' id='word_1_904' title='bbox 1263 2734 1292 2758; x_wconf 89' lang='lat' dir='ltr'>di</span> <span class='ocrx_word' id='word_1_905' title='bbox 1311 2741 1410 2765; x_wconf 84' lang='lat' dir='ltr'>guerra</span> <span class='ocrx_word' id='word_1_906' title='bbox 1430 2734 1586 2757; x_wconf 80' lang='lat' dir='ltr'>Franeesco</span> <span class='ocrx_word' id='word_1_907' title='bbox 1607 2732 1758 2756; x_wconf 82' lang='lat' dir='ltr'>Menabuoi</span> <span class='ocrx_word' id='word_1_908' title='bbox 1778 2732 1922 2756; x_wconf 79' lang='lat' dir='ltr'>ferrarese.</span> <span class='ocrx_word' id='word_1_909' title='bbox 1959 2730 1981 2754; x_wconf 92' lang='lat' dir='ltr'>Il</span> <span class='ocrx_word' id='word_1_910' title='bbox 2002 2731 2085 2763; x_wconf 88' lang='lat' dir='ltr'>luogo</span> <span class='ocrx_word' id='word_1_911' title='bbox 2111 2730 2154 2755; x_wconf 92' lang='lat' dir='ltr'>del</span> 
     </span>
     <span class='ocr_line' id='line_1_94' title="bbox 1263 2773 2155 2806; baseline -0.002 -7"><span class='ocrx_word' id='word_1_912' title='bbox 1263 2776 1361 2799; x_wconf 83' lang='lat' dir='ltr'>delitto</span> <span class='ocrx_word' id='word_1_913' title='bbox 1381 2774 1394 2799; x_wconf 79' lang='grc' dir='ltr'>ὲ</span> <span class='ocrx_word' id='word_1_914' title='bbox 1420 2776 1528 2799; x_wconf 84' lang='lat' dir='ltr'>tuttora</span> <span class='ocrx_word' id='word_1_915' title='bbox 1555 2775 1684 2799; x_wconf 87' lang='lat' dir='ltr'>additato</span> <span class='ocrx_word' id='word_1_916' title='bbox 1711 2780 1758 2806; x_wconf 83' lang='lat' dir='ltr'>per</span> <span class='ocrx_word' id='word_1_917' title='bbox 1783 2773 1940 2797; x_wconf 89' lang='lat' dir='ltr'>tradizione</span> <span class='ocrx_word' id='word_1_918' title='bbox 1964 2780 2060 2804; x_wconf 85' lang='lat' dir='ltr'>presso</span> <span class='ocrx_word' id='word_1_919' title='bbox 2086 2773 2155 2797; x_wconf 86' lang='lat' dir='ltr'>San-</span> 
     </span>
     <span class='ocr_line' id='line_1_95' title="bbox 1262 2815 2156 2850; baseline -0.003 -9"><span class='ocrx_word' id='word_1_920' title='bbox 1262 2818 1281 2841; x_wconf 87' lang='lat' dir='ltr'>t’</span> <span class='ocrx_word' id='word_1_921' title='bbox 1291 2818 1417 2847; x_wconf 79' lang='lat' dir='ltr'>Eusebio,</span> <span class='ocrx_word' id='word_1_922' title='bbox 1444 2824 1458 2840; x_wconf 88' lang='lat' dir='ltr'>e</span> <span class='ocrx_word' id='word_1_923' title='bbox 1484 2817 1685 2850; x_wconf 86' lang='lat' dir='ltr'>precisamente</span> <span class='ocrx_word' id='word_1_924' title='bbox 1706 2822 1757 2839; x_wconf 83' lang='lat' dir='ltr'>ove</span> <span class='ocrx_word' id='word_1_925' title='bbox 1777 2815 1796 2838; x_wconf 87' lang='lat' dir='ltr'>il</span> <span class='ocrx_word' id='word_1_926' title='bbox 1815 2815 1869 2839; x_wconf 87' lang='lat' dir='ltr'>Rio</span> <span class='ocrx_word' id='word_1_927' title='bbox 1889 2815 1973 2839; x_wconf 89' lang='lat' dir='ltr'>Secco</span> <span class='ocrx_word' id='word_1_928' title='bbox 2001 2817 2156 2840; x_wconf 80' lang='lat' dir='ltr'>attraversa</span> 
     </span>
     <span class='ocr_line' id='line_1_96' title="bbox 1260 2857 2156 2891; baseline -0.003 -8"><span class='ocrx_word' id='word_1_929' title='bbox 1260 2860 1286 2883; x_wconf 84' lang='lat' dir='ltr'>la</span> <span class='ocrx_word' id='word_1_930' title='bbox 1306 2860 1351 2883; x_wconf 80' lang='lat' dir='ltr'>via</span> <span class='ocrx_word' id='word_1_931' title='bbox 1371 2860 1407 2883; x_wconf 90' lang='lat' dir='ltr'>da</span> <span class='ocrx_word' id='word_1_932' title='bbox 1427 2859 1617 2891; x_wconf 86' lang='lat' dir='ltr'>Spilamberto</span> <span class='ocrx_word' id='word_1_933' title='bbox 1638 2866 1654 2882; x_wconf 91' lang='lat' dir='ltr'>a</span> <span class='ocrx_word' id='word_1_934' title='bbox 1674 2857 1863 2883; x_wconf 83' lang='lat' dir='ltr'>Castelnuovo</span> <span class='ocrx_word' id='word_1_935' title='bbox 1882 2858 2034 2889; x_wconf 82' lang='lat' dir='ltr'>Rangone:</span> <span class='ocrx_word' id='word_1_936' title='bbox 2055 2857 2082 2880; x_wconf 91' lang='lat' dir='ltr'>di</span> <span class='ocrx_word' id='word_1_937' title='bbox 2108 2858 2156 2888; x_wconf 90' lang='lat' dir='ltr'>qui</span> 
     </span>
     <span class='ocr_line' id='line_1_97' title="bbox 1262 2899 2156 2934; baseline -0.003 -8"><span class='ocrx_word' id='word_1_938' title='bbox 1262 2909 1378 2934; x_wconf 82' lang='lat' dir='ltr'>passava</span> <span class='ocrx_word' id='word_1_939' title='bbox 1391 2902 1508 2926; x_wconf 76' lang='lat' dir='ltr'>l‘antica</span> <span class='ocrx_word' id='word_1_940' title='bbox 1519 2902 1568 2925; x_wconf 77' lang='lat' dir='ltr'>via</span> <span class='ocrx_word' id='word_1_941' title='bbox 1582 2900 1730 2925; x_wconf 88' lang='lat' dir='ltr'>Claudiola</span> <span class='ocrx_word' id='word_1_942' title='bbox 1743 2899 2156 2932; x_wconf 76' lang='lat' dir='ltr'>(Modena-Spilamberto—Baz-</span> 
     </span>
     <span class='ocr_line' id='line_1_98' title="bbox 1259 2942 2016 2977; baseline -0.003 -9"><span class='ocrx_word' id='word_1_943' title='bbox 1259 2943 1486 2977; x_wconf 70' lang='lat' dir='ltr'>zano-Bologna)</span> <span class='ocrx_word' id='word_1_944' title='bbox 1506 2943 1579 2967; x_wconf 82' lang='lat' dir='ltr'>assai</span> <span class='ocrx_word' id='word_1_945' title='bbox 1599 2943 1778 2974; x_wconf 75' lang='lat' dir='ltr'>frequentata</span> <span class='ocrx_word' id='word_1_946' title='bbox 1797 2942 1842 2966; x_wconf 89' lang='lat' dir='ltr'>nel</span> <span class='ocrx_word' id='word_1_947' title='bbox 1860 2942 2016 2966; x_wconf 79' lang='lat' dir='ltr'>medioevo.</span> 
     </span>
    </p>

    <p class='ocr_par' dir='ltr' id='par_1_22' title="bbox 1347 2983 2157 3017">
     <span class='ocr_line' id='line_1_99' title="bbox 1347 2983 2157 3017; baseline -0.004 -7"><span class='ocrx_word' id='word_1_948' title='bbox 1347 2986 1359 3000; x_wconf 83' lang='lat'>³</span> <span class='ocrx_word' id='word_1_949' title='bbox 1379 2986 1487 3010; x_wconf 74' lang='lat' dir='ltr'>Partito</span> <span class='ocrx_word' id='word_1_950' title='bbox 1499 2986 1532 3009; x_wconf 87' lang='lat' dir='ltr'>da</span> <span class='ocrx_word' id='word_1_951' title='bbox 1544 2985 1597 3010; x_wconf 84' lang='lat' dir='ltr'>San</span> <span class='ocrx_word' id='word_1_952' title='bbox 1613 2985 1751 3010; x_wconf 83' lang='lat' dir='ltr'>Casciano</span> <span class='ocrx_word' id='word_1_953' title='bbox 1766 2985 1784 3008; x_wconf 94' lang='lat' dir='ltr'>il</span> <span class='ocrx_word' id='word_1_954' title='bbox 1802 2992 1832 3016; x_wconf 82' lang='lat'>14</span> <span class='ocrx_word' id='word_1_955' title='bbox 1845 2987 1976 3017; x_wconf 66' lang='lat' dir='ltr'>genunio,</span> <span class='ocrx_word' id='word_1_956' title='bbox 1989 2985 2090 3009; x_wconf 87' lang='lat' dir='ltr'>Enrico</span> <span class='ocrx_word' id='word_1_957' title='bbox 2105 2983 2157 3008; x_wconf 82' lang='lat' dir='ltr'>VII</span> 
     </span>
    </p>
   </div>
   <div class='ocr_carea' id='block_1_16' title="bbox 2169 816 2207 847">
    <p class='ocr_par' dir='ltr' id='par_1_23' title="bbox 2169 816 2207 847">
     <span class='ocr_line' id='line_1_100' title="bbox 2169 816 2207 847; baseline 0.026 -1"><span class='ocrx_word' id='word_1_958' title='bbox 2169 816 2207 847; x_wconf 89' lang='grc'>10</span> 
     </span>
    </p>
   </div>
   <div class='ocr_carea' id='block_1_17' title="bbox 2176 1814 2208 1838">
    <p class='ocr_par' dir='ltr' id='par_1_24' title="bbox 2176 1814 2208 1838">
     <span class='ocr_line' id='line_1_101' title="bbox 2176 1814 2208 1838; baseline 0 0"><span class='ocrx_word' id='word_1_959' title='bbox 2176 1814 2208 1838; x_wconf 76' lang='lat'>45</span> 
     </span>
    </p>
   </div>
   <div class='ocr_carea' id='block_1_18' title="bbox 2179 2026 2211 2051">
    <p class='ocr_par' dir='ltr' id='par_1_25' title="bbox 2179 2026 2211 2051">
     <span class='ocr_line' id='line_1_102' title="bbox 2179 2026 2211 2051; baseline 0 -8"><span class='ocrx_word' id='word_1_960' title='bbox 2179 2026 2211 2051; x_wconf 83' lang='lat'>50</span> 
     </span>
    </p>
   </div>
   <div class='ocr_carea' id='block_1_19' title="bbox 2181 2245 2211 2270">
    <p class='ocr_par' dir='ltr' id='par_1_26' title="bbox 2181 2245 2211 2270">
     <span class='ocr_line' id='line_1_103' title="bbox 2181 2245 2211 2270; baseline 0 0"><span class='ocrx_word' id='word_1_961' title='bbox 2181 2245 2211 2270; x_wconf 80' lang='lat'>55</span> 
     </span>
    </p>
   </div>
   <div class='ocr_carea' id='block_1_20' title="bbox 2180 2453 2215 2478">
    <p class='ocr_par' dir='ltr' id='par_1_27' title="bbox 2180 2453 2215 2478">
     <span class='ocr_line' id='line_1_104' title="bbox 2180 2453 2215 2478; baseline 0 0"><span class='ocrx_word' id='word_1_962' title='bbox 2180 2453 2215 2478; x_wconf 87' lang='grc'>60</span> 
     </span>
    </p>
   </div>
   <div class='ocr_carea' id='block_1_21' title="bbox 2185 2885 2219 2911">
    <p class='ocr_par' dir='ltr' id='par_1_28' title="bbox 2185 2885 2219 2911">
     <span class='ocr_line' id='line_1_105' title="bbox 2185 2885 2219 2911; baseline 0 -9"><span class='ocrx_word' id='word_1_963' title='bbox 2185 2885 2219 2911; x_wconf 85' lang='grc'>70</span> 
     </span>
    </p>
   </div>
  </div>
 </body>
</html>
