2318 3603
156 471 230 495 Μυει.,
247 472 285 495 624

153 851 245 870 §.pla

273 1952 303 1971 10

275 2203 304 2228 ις

273 2416 306 2434 ²0

274 2626 304 2652 τε

274 2838 308 2863 30

935 235 1255 271 CHRONICON
1285 235 1597 270 MUTINENSE

2011 241 2062 274 {A-
2085 242 2176 274 1355]

337 369 511 401 sperorum
535 358 569 389 in
593 357 682 389 festo
708 355 872 398 Corporis
898 356 1062 397 [Domini]
1087 357 1195 388 nostri
1219 357 1294 387 Iesu
1323 354 1447 387 Christi
1474 357 1613 388 fuerunt
1637 356 1679 387 ab
1704 356 1854 386 inimicis
1885 356 1942 397 [et]
1974 358 2174 388 extrinsecis

337 411 494 444 Mutinae
519 417 553 442 et
576 421 597 441 a
620 415 724 452 gente
749 409 792 440 de
815 408 1016 440 Mediolano
1042 408 1194 440 conflicti
1218 414 1251 440 et
1275 409 1402 440 acriter
1433 408 1603 446 debellati,
1636 408 1888 440 remanentibus
1918 409 1965 441 ibi
1997 409 2173 445 machinis,

344 464 462 496 castris
485 462 616 505 ligneis,
641 461 749 494 bobus
771 467 805 493 et
829 460 983 493 curribus
1000 460 1053 492 'et
1076 461 1151 492 aliis
1174 460 1303 492 ibidem
1326 460 1506 492 conductis
1528 471 1591 502 pro
1615 461 1767 492 exercitu
1785 462 1984 492 necessariis
2009 467 2042 493 et
2059 462 2103 492 ad
2120 471 2176 492 ca—

336 523 442 549 strum
466 514 731 558 expugnandum
756 519 790 546 et
815 513 1076 550 debellandum3
1095 513 1130 544 in
1155 522 1222 554 quo
1247 512 1411 544 conflictu
1435 519 1468 544 et
1492 519 1604 556 strage
1630 513 1721 555 capti
1747 513 1886 545 fuerunt
1911 514 2065 545 homines
2082 514 2176 545 circa

336 575 475 602 centum
497 569 588 600 inter
612 567 703 598 cives
728 572 763 598 et
785 566 1027 607 stipendiarios
1051 571 1119 597 tam
1142 565 1322 606 pedestres
1345 575 1447 607 quam
1471 571 1644 607 equestres
1668 565 1728 606 [et]
1753 556 1876 597 mortui
1908 566 2049 598 fuerunt
2080 567 2174 608 quasi

335 629 484 660 centum,
508 620 665 653 omnibus
688 619 902 660 computatis.
949 618 1081 649 Eodem
1106 617 1283 649 millesimo
1301 618 1343 648 de
1360 627 1474 648 mense
1489 618 1569 649 maii
1585 618 1678 650 tacta
1702 619 1767 650 fuit
1784 625 1904 661 treuga
1919 619 2009 650 inter
2025 618 2176 650 Venetos

335 682 369 708 et
391 676 576 707 Ianuenses
598 683 661 714 per
684 672 829 713 spatium
852 682 952 703 xxxx.
977 675 1144 702 annorum
1167 670 1311 702 firmiter
1336 670 1508 701 duratura.
1555 671 1685 702 Eodem
1709 681 1799 703 anno
1825 672 1878 702 die
1902 672 1987 702 iovis
2003 671 2083 713 xxiij
2101 671 2176 702 iulii

335 729 504 761 exercitus
529 726 743 758 dominorum
766 723 967 761 Mediolani,
993 734 1070 755 cum
1095 721 1189 763 [duo]
1205 722 1298 754 milia
1315 722 1459 753 militum
1477 728 1683 754 armatorum
1700 730 1733 755 et
1750 724 1903 765 peditum
1929 724 2029 764 copia
2053 734 2176 766 magna

333 782 444 820 valde,
468 780 562 812 venit
593 779 629 809 in
660 777 832 809 territorio
863 776 1020 808 Mutinae
1051 776 1096 807 ad
1126 775 1241 807 villam
1266 775 1386 807 Sancti
1409 775 1586 807 Madronis
1609 782 1643 807 et
1668 776 1835 818 Salicetae
1867 777 1902 807 in
1927 776 2080 818 partibus
2109 776 2177 807 illis

334 833 576 877 dapnificando
601 830 648 862 'et
672 829 905 861 comburendo
930 829 1049 861 domos
1073 829 1115 860 de
1147 828 1325 871 Bacuaria,
1351 828 1394 860 de
1421 828 1616 866 Casinalbo‚
1649 829 1692 860 de
1725 829 1841 868 Curio,
1873 830 1916 861 de
1949 829 2172 861 Castronovo.

333 889 378 920 Et
401 888 457 920 die
481 885 589 918 sabati
605 895 676 916 xxv
691 883 765 914 iulii
788 882 954 924 equitavit
978 881 1092 913 dictus
1115 881 1286 912 exercitus
1309 881 1398 912 ultra
1421 880 1547 912 flumen
1572 881 1779 913 Scultennae
1811 883 1846 913 in
1871 882 2043 913 territorio
2068 882 2176 914 bono-

332 940 452 978 niensi,
476 938 572 981 quasi
589 943 697 969 totum
715 935 950 977 episcopatum
966 935 1143 966 Bononiae
1160 934 1404 972 comburendo,
1421 934 1573 976 undique
1598 934 1748 975 dapnum
1772 935 1955 966 maximum
1972 935 2173 966 inferendo:

333 1002 402 1027 tam
425 991 624 1025 fortilicium
654 999 755 1031 quam
788 995 934 1020 castrum
964 998 1031 1019 non
1056 987 1248 1019 habuerunt
1272 996 1338 1018 nec
1362 987 1478 1029 aliquo
1510 987 1613 1018 modo
1637 987 1763 1019 habere
1787 994 1971 1028 potuerunt
1986 986 2006 1019 ¹.
2052 987 2096 1019 Et
2122 987 2175 1019 die

333 1046 466 1079 veneris
501 1043 606 1086 xxviij
633 1041 765 1085 augusti
794 1041 897 1073 rediit
922 1041 1032 1071 dictus
1064 1039 1240 1072 exercitus
1271 1039 1316 1070 acl
1354 1045 1502 1070 castrum
1533 1038 1661 1082 Bacani
1674 1038 1695 1077 ²,
1728 1040 1822 1081 quod
1853 1040 1966 1071 adhuc
1998 1050 2061 1081 pro
2094 1040 2177 1081 ipsis

330 1096 647 1132 Mediolanensibus
671 1095 818 1127 dominis
840 1094 1031 1131 tenebatur,
1055 1099 1089 1125 et
1112 1093 1169 1124 die
1186 1092 1295 1124 sabati
1311 1092 1426 1136 xxviiij
1446 1093 1581 1135 augusti
1597 1092 1755 1124 transivit
1771 1092 1895 1124 flumen
1914 1093 2120 1125 Scultennae
2138 1094 2172 1124 in

333 1153 536 1195 episcopatu
560 1155 593 1181 et
616 1149 777 1180 districtu
795 1147 950 1178 Mutinae
975 1147 1145 1178 veniendo
1169 1155 1277 1188 usque
1301 1147 1347 1177 ad
1371 1145 1657 1177 castrumnovum
1679 1151 1713 1176 et
1736 1146 1953 1186 pernoctavit
1977 1146 2117 1183 ibidem,
2143 1153 2175 1177 et

331 1207 387 1239 die
412 1205 512 1236 lunae
535 1202 655 1234 ultimo
680 1201 813 1244 augusti
838 1210 969 1231 summo
993 1209 1092 1231 mane
1118 1198 1303 1240 [pervenit]
1328 1208 1429 1240 super
1445 1199 1554 1240 ripam
1571 1198 1718 1245 fluminis
1735 1198 1866 1230 Situlae
1883 1205 1916 1230 et
1933 1198 1981 1230 ibi
2005 1199 2098 1230 stetit
2114 1210 2176 1240 per

331 1268 435 1291 unam
448 1262 600 1293 noctem3
614 1262 647 1287 et
660 1255 716 1286 die
730 1253 846 1286 martis
856 1252 866 1269 ³
883 1253 1008 1284 flumen
1023 1252 1152 1284 Situlae
1166 1252 1383 1293 pertransivit
1396 1261 1501 1292 super
1514 1251 1721 1283 territorium
1735 1250 1837 1293 Regii
1850 1252 1893 1282 ad
1908 1251 2029 1282 turrim
2046 1251 2175 1282 domini

331 1310 496 1354 Episcopi
521 1308 740 1341 adhaerendo
754 1308 765 1324 ⁴
788 1313 821 1338 et
845 1307 925 1338 inde
950 1307 994 1338 ad
1018 1305 1158 1347 propria
1170 1305 1366 1337 remeando.
1415 1303 1622 1345 Capitaneus
1641 1304 1723 1335 dicti
1741 1303 1911 1335 exercitus
1928 1310 2001 1335 erat
2018 1304 2175 1335 dominus

330 1363 534 1397 Franciscus
556 1362 717 1394 Marchio
740 1361 899 1396 estensis;
924 1365 996 1391 erat
1021 1359 1122 1390 etiam
1140 1359 1188 1390 ibi
1205 1359 1362 1389 dominus
1379 1358 1548 1389 Iohannes
1565 1357 1607 1388 de
1624 1356 1772 1398 Pepohs,
1790 1358 1834 1388 ad
1852 1358 1948 1388 cuius
1973 1357 2168 1388 instantiam

332 1417 446 1449 dictus
469 1416 640 1447 exercitus
662 1414 864 1451 ducebatur,
889 1414 937 1444 sic
963 1413 1043 1455 quia
1067 1412 1109 1443 ab
1134 1411 1329 1443 hominibus
1353 1410 1579 1441 incomoditas
1595 1410 1629 1440 in
1648 1410 1839 1441 recessione
1859 1409 2040 1446 exercitus,
2058 1415 2095 1440 ut
2111 1420 2173 1450 pu-

421 1554 441 1572 1.
455 1547 571 1571 Domini
592 1553 640 1570 om.
660 1545 737 1569 anche
753 1544 839 1574 Mun„
855 1545 899 1569 Cr.
914 1557 925 1562 -
938 1544 1031 1567 nostri
1045 1551 1092 1567 om.
1108 1543 1197 1573 Mun„
1219 1544 1262 1567 Cr.
1283 1556 1293 1560 -
1313 1544 1340 1566 et
1360 1550 1408 1566 om.
1428 1542 1470 1571 A„
1492 1541 1580 1571 Mun.⁷
1603 1541 1647 1565 Cr.
1669 1554 1700 1557 —
1722 1546 1745 1570 3.
1765 1539 1903 1564 condictis
1922 1539 1953 1562 A.
1968 1551 1979 1557 -
1993 1539 2170 1570 necessariis}

330 1593 413 1616 niziis
431 1591 480 1621 A.‚-
499 1598 545 1614 om.
565 1589 653 1619 MUR.⁷
675 1590 720 1614 Cr.
741 1602 772 1605 —
792 1594 815 1619 ς.
837 1592 864 1612 et
882 1589 981 1613 avanti
1000 1596 1016 1611 a
1037 1587 1141 1612 mortui
1154 1596 1200 1612 om.
1219 1587 1261 1616 A.,
1281 1586 1369 1616 Mum,
1385 1588 1429 1612 Cr.
1444 1600 1476 1602 —
1491 1587 1516 1611 8.
1536 1593 1598 1610 cum
1620 1585 1706 1609 millia
1726 1585 1846 1608 militum
1861 1584 2034 1609 armatorum
2047 1583 2094 1611 A.;
2108 1591 2170 1608 curn

330 1635 409 1660 mille
422 1635 559 1660 militibus
572 1635 689 1659 armatis
708 1634 796 1663 Mun„
819 1632 878 1664 Cr.;
897 1641 939 1656 ma
957 1641 985 1658 se
1002 1639 1068 1662 ¹5⁰⁰
1081 1632 1183 1664 sarona
1202 1633 1214 1656 ι’
1233 1632 1368 1655 cavalieri
1385 1631 1414 1654 di
1430 1633 1518 1662 questo
1531 1630 1640 1654 eseraito
1654 1633 1766 1660 possato
1784 1629 1831 1652 nel
1849 1629 1996 1660 Bolognese
2015 1627 2062 1658 (cf.
2084 1628 2170 1653 Gan?-

329 1687 408 1711 Foxu,
429 1681 517 1708 Mem„
536 1678 581 1709 60)
600 1679 613 1701 e·
632 1679 774 1712 mam-'sesto
793 1679 838 1702 che
856 1679 958 1702 almeno
972 1686 1004 1701 zm
1013 1679 1079 1708 pezio
1093 1677 1122 1700 dn·
1134 1676 1262 1709 miglim‘a
1277 1677 1413 1700 dovevano
1426 1676 1529 1699 esser-m*
1539 1676 1642 1706 quando
1651 1677 1781 1706 giunsero
1794 1675 1836 1697 sul
1847 1673 1985 1697 Modenese
1998 1685 2030 1690 -
2043 1680 2067 1704 9.
2083 1673 2175 1697 Madri

333 1725 373 1753 A„
393 1724 481 1754 Mun„
502 1725 547 1749 Cr.
563 1736 594 1741 -—
613 1721 806 1747 10.Casnalbo
825 1721 871 1750 A.;
892 1721 1048 1746 Casenalbo
1068 1721 1155 1751 Mun..
1178 1722 1221 1745 Cr.
1244 1734 1275 1738 —
1298 1727 1338 1745 11.
1359 1719 1433 1751 iulii]
1453 1719 1527 1744 iunii
1545 1719 1587 1743 A..
1608 1719 1694 1748 Mus..
1717 1719 1777 1747 Cr.;
1798 1726 1840 1741 ma
1859 1717 1872 1739 e·
1891 1724 1981 1741 errore
2000 1717 2044 1740 che
2062 1718 2086 1740 il
2102 1724 2173 1740 senso

331 1769 411 1793 rende
428 1768 562 1795 evidente,
575 1775 589 1790 e
602 1767 703 1799 insattx‘
713 1766 805 1791 sabato
812 1765 849 1798 su
863 1766 887 1790 il
903 1770 937 1794 25
950 1765 1045 1797 luglio,
1065 1772 1113 1788 mm
1132 1766 1157 1788 il
1173 1770 1206 1793 25
1222 1766 1328 1796 ,niagno
1344 1778 1374 1781 —
1392 1771 1432 1796 13.
1446 1766 1540 1788 tamen
1554 1763 1620 1787 tort.
1635 1765 1685 1787 aut
1698 1764 1821 1786 castrum
1842 1760 1930 1790 Mun„
1951 1762 1996 1786 Cr.
2018 1775 2049 1778 —
2073 1766 2112 1791 15.
2133 1760 2174 1792 in]

332 1814 366 1837 de
384 1811 471 1843 Mum,
493 1812 538 1837 Cr.
564 1824 596 1829 —
620 1810 657 1835 16.
684 1809 822 1842 Mutinae]
843 1811 987 1834 Bononiae
1013 1809 1053 1839 A.⁷
1075 1810 1161 1839 Mus,
1183 1810 1243 1837 Cr.;
1263 1817 1305 1832 ma
1323 1809 1336 1832 e*
1355 1809 1474 1833 evidente
1487 1807 1604 1832 l'errore
1622 1808 1670 1831 del
1684 1808 1793 1838 copista,
1814 1813 1904 1830 errore
1923 1807 1968 1830 nel
1984 1806 2059 1836 quale
2077 1805 2102 1829 il
2117 1813 2173 1829 cro-

335 1858 414 1888 nssta,
434 1857 481 1880 ben
499 1856 610 1888 pratia-0
635 1856 680 1880 dei
696 1855 789 1887 luoghi
813 1863 863 1879 non
882 1857 984 1887 poteva
1003 1854 1100 1878 cadere
1125 1866 1135 1872 -
1155 1854 1333 1885 pernoctavit
1358 1860 1426 1878 corr.
1456 1853 1542 1883 Mun,
1572 1853 1631 1880 Cr.;
1662 1851 1859 1884 pronunciavit
1878 1850 1909 1874 A.
1931 1863 1962 1867 —
1985 1854 2024 1880 17.
2045 1850 2173 1882 pervenit

331 1909 380 1926 om.
399 1901 441 1931 A„
461 1901 547 1932 Μυκ,
569 1902 613 1925 Cr.
641 1913 651 1917 -
677 1899 784 1924 situlae
808 1898 863 1923 tuit
889 1900 917 1923 et
943 1899 1022 1923 Mun.
1049 1912 1080 1915 —-—
1103 1898 1141 1922 18.
1163 1896 1273 1929 martis]
1298 1898 1378 1921 lunae
1403 1898 1446 1926 A..
1471 1897 1558 1921 Mun..
1583 1897 1641 1923 Cr.;
1667 1904 1694 1918 se
1710 1896 1806 1926 ginnas
1826 1895 1882 1919 alla
1900 1894 2001 1925 sponda
2020 1894 2111 1918 destra
2131 1893 2175 1916 del

327 1946 410 1978 fiante
427 1946 457 1970 la
475 1946 589 1970 maetina
602 1945 648 1969 del
658 1944 747 1969 lunedz'
761 1953 774 1968 e
793 1944 824 1968 vi
835 1945 970 1976 pernam),
983 1943 1114 1968 l‘eseraito
1127 1944 1258 1967 vise-anteo
1279 1949 1329 1966 non
1337 1941 1399 1972 pole*
1406 1945 1506 1973 passar
1520 1942 1588 1966 oltre
1601 1949 1627 1964 sc
1640 1949 1690 1964 non
1703 1940 1727 1964 il
1738 1939 1851 1963 martedi
1870 1953 1897 1956 —-
1916 1945 1954 1970 19.
1969 1937 2126 1962 abherendo
2149 1938 2172 1960 A

332 2003 367 2008 -
386 1996 427 2015 21.
446 1997 473 2023 p.
495 1989 552 2020 163,
571 1990 586 2013 l.
610 1996 632 2014 1.
652 1990 745 2014 sic....
765 1988 931 2013 credebatur
950 1995 998 2012 om.
1020 1987 1096 2012 Mun.

330 2074 384 2099 lari
405 2075 433 2098 di
453 2074 583 2105 Modena,
606 2074 649 2098 dei
677 2074 730 2098 due
755 2073 889 2104 quartieri
916 2073 944 2096 di
972 2071 1026 2096 San
1054 2071 1141 2095 Paolo
1162 2078 1175 2094 e
1195 2071 1224 2094 di
1281 2070 1387 2102 “gente
1407 2078 1421 2094 e
1442 2067 1518 2102 spedi
1541 2070 1561 2093 il
1583 2070 1664 2093 conte
1686 2069 1829 2092 Bernardo
1844 2068 1878 2091 da
1892 2068 2001 2098 Panigo
2022 2074 2073 2090 con
2096 2067 2171 2090 buon

333 2114 516 2146 Baggiovsra,
537 2115 683 2138 accennati
706 2121 795 2145 sopra.

421 2155 429 2172 ¹
448 2157 460 2180 1
479 2157 627 2181 Viscontei
645 2164 745 2188 posero
767 2156 786 2179 il
808 2162 905 2187 campo
926 2162 942 2178 a
961 2154 1160 2186 Crespellano;
1182 2161 1225 2177 ma

335 2207 391 2223 non
412 2199 561 2223 rluscendo
581 2207 595 2223 a
615 2199 749 2230 prendere
769 2198 832 2229 quel
852 2197 977 2224 castello.
998 2198 1020 2220 si
1049 2202 1225 2220 avanzarono

333 2243 396 2265 sino
411 2241 436 2265 al
456 2241 548 2272 Borgo
568 2240 712 2272 Panigale,
732 2240 824 2263 donde
845 2240 1114 2271 Improvvisamente
1135 2239 1156 2261 si
1172 2240 1224 2261 tra-

333 2284 473 2308 sferirono
494 2291 508 2307 a
528 2283 634 2307 Budrio
654 2290 667 2306 e
688 2283 713 2306 al
734 2282 899 2309 Medesanm
920 2281 1012 2305 donde
1033 2280 1158 2311 poi‚alla
1172 2279 1224 2302 fine

333 2325 469 2356 d’agosto,
491 2325 655 2357 ripassando
675 2332 724 2356 per
743 2325 835 2355 Borgo
855 2323 1014 2354 Panigalee
1034 2323 1170 2351 Bazzano,
1189 2323 1224 2344 ri-

333 2370 488 2392 tornarono
509 2368 553 2392 nel
573 2368 722 2391 Modenese
744 2366 791 2397 (cf.
810 2366 996 2395 Szoumowx,
1016 2372 1061 2397 pp.
1082 2363 1179 2396 7780).

422 2407 433 2424 ²
452 2410 545 2434 Prima
560 2410 587 2433 di
603 2410 700 2440 questo
714 2410 824 2432 ritorno
839 2408 883 2432 dei
898 2407 1044 2431 Viscontei
1060 2408 1089 2430 in
1105 2407 1182 2430 aiuto
1196 2406 1224 2428 di

334 2452 465 2482 Bazzano,
488 2451 508 2475 il
529 2453 626 2475 nostro
647 2451 770 2474 cronista
791 2451 878 2474 omise
898 2449 938 2480 (se
958 2456 1010 2482 pur
1025 2457 1081 2472 non
1097 2450 1118 2472 si
1140 2449 1225 2471 tratta

334 2496 360 2519 di
383 2502 438 2519 una
464 2495 617 2518 omissione
643 2492 859 2524 dell'apografo)
879 2492 907 2515 di
930 2493 1077 2523 registrare
1098 2491 1124 2514 la
1139 2490 1226 2521 spedi-

333 2539 413 2561 zione
433 2537 481 2561 che
501 2539 600 2560 contro
615 2536 677 2566 quel
693 2535 808 2559 castello
823 2542 910 2558 aveva
925 2535 1058 2558 ordinato
1073 2532 1224 2564 l’Oleggio.

332 2578 357 2602 11
377 2577 563 2603 Ghirardacci
584 2577 629 2609 (11,
651 2576 723 2609 226),
737 2578 796 2601 trae
815 2577 850 2600 da
870 2576 944 2600 fonti
967 2577 1097 2600 slncrone
1117 2574 1163 2606 (cf.
1183 2574 1225 2598 Si-

334 2627 486 2649 (fluxom-r,
513 2627 558 2652 pp.
584 2619 673 2651 64-65)
694 2620 791 2650 questo
811 2620 963 2642 racconto:
986 2618 997 2630 ‘¹
1013 2617 1069 2641 Ora
1090 2618 1226 2640 1111011311-

337 2666 348 2675 “
361 2664 421 2687 dosi
449 2662 592 2695 l’Oleggio
618 2669 691 2686 esser
706 2663 819 2693 signore
834 2661 907 2685 della
928 2658 996 2684 cittii
1016 2660 1042 2683 di
1066 2659 1192 2689 Bologna
1212 2665 1226 2680 e

338 2706 350 2717 ⁴¹
362 2705 390 2728 di
418 2706 490 2728 tutte
510 2705 536 2727 le
556 2704 680 2733 castella,
707 2704 814 2727 eccetto
840 2703 868 2726 di
890 2702 1019 2726 Bazzano
1040 2701 1089 2725 che
1109 2707 1164 2723 non
1185 2699 1224 2730 gli

338 2747 468 2772 “haueua
488 2749 612 2778 prestato
634 2747 808 2774 ubbidienza,
836 2753 891 2768 non
919 2745 1042 2776 potentio
1063 2745 1226 2774 soppottare

338 2790 351 2802 ‘¹
366 2789 414 2813 che
435 2789 454 2812 il
475 2790 554 2813 detto
575 2788 690 2812 castello
712 2796 767 2811 non
789 2788 923 2811 l'hauesse
938 2787 1036 2810 uoluto
1051 2787 1226 2809 riconoscerc

338 2832 410 2863 “per
430 2832 562 2863 padrone,
583 2833 610 2854 et
631 2839 700 2855 anco
721 2831 850 2854 hauendo
872 2831 963 2853 inteso
983 2829 1032 2852 che
1052 2828 1158 2851 Matteo
1181 2827 1226 2850 Vi—

337 2874 349 2886 “
365 2875 455 2898 sconti
476 2874 583 2897 haveva
604 2874 713 2904 spedito
728 2873 851 2896 Amedeo
872 2872 1035 2903 piacentino
1056 2869 1182 2900 [fratello
1197 2870 1223 2892 di

337 2916 502 2940 “Ei-manno
523 2916 555 2939 de
575 2916 701 2947 Specten,
725 2914 839 2946 podesta
861 2915 888 2938 di
916 2911 1054 2944 Bologna]
1076 2919 1125 2936 suo
1152 2912 1225 2943 capi-

338 2960 429 2983 ·‘tano
455 2966 507 2982 con
532 2959 655 2990 dugento
676 2958 790 2982 barbute
810 2965 824 2981 e
843 2958 968 2981 trecento
989 2956 1060 2980 fanti
1082 2962 1129 2986 per
1149 2961 1226 2985 guar-

338 3002 350 3014 “
362 3001 408 3025 dia
419 3001 447 3025 di
462 3001 538 3024 detto
553 2999 668 3025 castello
671 3018 737 3030 .....
753 2997 894 3026 comincio
909 2997 1045 3029 anch'egli
1067 3005 1081 3020 a
1102 3003 1221 3027 ragunar

1284 2113 1296 2125 “
1309 2120 1423 2136 numero
1450 2113 1476 2136 di
1506 2112 1619 2141 soldati,
1647 2111 1667 2134 11
1696 2111 1771 2141 quali
1800 2110 2013 2133 incontrandosi
2037 2110 2131 2132 vicino
2153 2108 2172 2130 11

1284 2154 1385 2177 “detto
1406 2153 1522 2177 castello
1544 2161 1595 2176 con
1617 2153 1636 2175 11
1659 2152 1760 2176 soldati
1782 2152 1823 2175 de'
1839 2151 1978 2177 Visconti,
1995 2157 2116 2173 vennero
2131 2150 2171 2172 in·

1283 2198 1294 2208 “
1308 2197 1391 2219 sieme
1412 2204 1425 2219 a
1447 2195 1515 2219 dura
1534 2194 1679 2226 battagHa,
1702 2194 1772 2217 dous
1792 2193 1933 2216 Bernardo
1953 2190 2028 2215 resto
2043 2192 2173 2223 prigione

1283 2240 1294 2250 ‘⁴
1310 2245 1361 2261 con
1375 2238 1439 2261 altri
1454 2243 1486 2260 20
1497 2237 1538 2260 de’
1550 2237 1610 2260 suoi
1625 2237 1790 2267 volgendosi
1808 2235 1827 2258 il
1840 2236 1913 2258 resto
1927 2235 1955 2257 in
1967 2234 2040 2264 fuga.
2063 2233 2171 2257 Hauniu

1283 2282 1294 2291 ¹*
1306 2281 1403 2311 questa
1425 2280 1550 2308 vittmia,
1572 2278 1696 2301 Amedeo
1717 2275 1805 2301 lasci&
1826 2277 1918 2300 buone
1937 2276 2052 2306 guardie
2072 2275 2172 2298 denti-0

1283 2322 1293 2333 ‘²
1307 2321 1439 2348 Bazzano,
1465 2322 1492 2344 et
1513 2328 1527 2344 3
1548 2320 1614 2344 volo
1641 2318 1714 2343 ando
1736 2328 1750 2343 a
1770 2318 1888 2344 Milano.
1910 2317 2090 2341 conducendo
2111 2324 2172 2339 seco

1283 2366 1293 2376 ¹⁴
1306 2363 1447 2387 Bernardo
1462 2363 1496 2386 da
1511 2362 1615 2386 Panico
1630 2363 1760 2394 prigione
1772 2379 1794 2391 „.
1815 2360 1942 2384 Secondo
1955 2359 2024 2383 altre
2036 2358 2172 2382 cronache

1281 2408 1521 2439 contemporanee,
1536 2405 1676 2429 Bernardo
1688 2405 1722 2429 da
1735 2404 1840 2428 Panico
1853 2404 1882 2427 fu
1894 2403 2029 2426 condotto
2042 2409 2056 2425 a
2066 2401 2172 2427 Parma.

1282 2456 1337 2472 non
1360 2457 1374 2472 a
1394 2448 1512 2472 Milano.

1369 2491 1380 2508 ³
1403 2498 1411 2514 1
1436 2491 1584 2515 settembre
1606 2496 1680 2521 1355-

1369 2531 1380 2547 ⁴
1400 2532 1562 2556 Arrivando
1583 2533 1646 2555 sino
1667 2531 1722 2555 alla
1742 2530 1829 2553 Torre
1843 2529 1886 2553 del
1901 2529 2036 2555 Vescovo.
2051 2528 2099 2551 che
2120 2534 2174 2551 sor-

1281 2582 1349 2606 geva
1371 2574 1414 2598 nel
1434 2575 1582 2599 territorio
1602 2574 1629 2597 di
1651 2572 1739 2602 Cella,
1759 2574 1801 2596 tra
1822 2569 1896 2595 Cade
1915 2578 1928 2594 e
1949 2570 2132 2599 Cadelbosco‚
2155 2577 2169 2592 a

1281 2619 1403 2648 ponente
1423 2617 1450 2640 di
1471 2615 1579 2647 Reggio
1594 2623 1600 2639 z
1621 2616 1660 2638 ivi
1675 2614 1742 2638 ebbe
1756 2614 1874 2645 possessi
1892 2612 1911 2635 il
1927 2619 2046 2635 vescovo
2060 2612 2087 2635 di
2103 2610 2173 2641 Reg-

1281 2660 1336 2690 gi0,
1352 2666 1365 2682 e
1382 2662 1393 2670 ⁴*
1407 2659 1535 2682 abbiamo
1556 2657 1627 2687 (dice
1648 2657 1668 2680 il
1683 2656 1866 2680 Tmnssoscm
1880 2655 1950 2681 Diz.v
1966 2654 1984 2681 Ι,
2003 2653 2062 2685 195)
2077 2660 2112 2676 1111
2128 2652 2173 2675 do-

1284 2702 1294 2713 “
1308 2702 1437 2724 cumento
1459 2699 1664 2723 nell'Archivio
1680 2700 1787 2728 segreto
1808 2699 1914 2720 estense
1935 2695 2076 2719 dell'anno
2097 2701 2170 2727 1305,

1284 2746 1295 2755 “
1309 2745 1336 2765 111
1349 2743 1393 2766 cui
1406 2743 1429 2766 a'
1444 2749 1477 2773 24
1491 2743 1518 2766 di
1532 2741 1681 2765 novembre
1696 2741 1798 2770 Arrigo
1813 2746 1932 2762 vescovo
1946 2739 1973 2762 di
1990 2738 2097 2769 Reggio
2109 2738 2172 2761 cede

1284 2787 1294 2797 ⁴⁴
1308 2785 1333 2808 al
1355 2784 1493 2808 marchese
1513 2784 1592 2807 Azzo
1613 2783 1705 2806 d’Este
1726 2782 1751 2805 la
1766 2782 1860 2804 Bastia
1881 2781 2018 2804 chiamata
2039 2780 2065 2803 la
2085 2779 2172 2802 Tor-re

1283 2827 1351 2850 “del
1372 2827 1500 2850 Vescovo
1521 2825 1577 2849 alla
1602 2824 1689 2851 Cella,
1711 2832 1724 2847 e
1744 2825 1871 2846 rit-evene
1892 2823 1919 2845 in
1941 2822 2049 2845 cambio
2077 2821 2170 2845 alcuni

1283 2870 1409 2892 “terreni
1428 2869 1471 2891 ne’
1485 2867 1609 2891 distretti
1630 2866 1673 2890 (lel
1698 2865 1795 2888 Finale
1816 2872 1828 2887 c
1850 2865 1877 2887 di
1898 2864 1952 2888 San
1974 2863 2065 2887 Felice
2078 2881 2099 2893 „.
2133 2863 2171 2886 La

1281 2910 1368 2934 Torre
1388 2911 1507 2934 esisteva
1521 2916 1622 2933 ancora
1638 2908 1681 2931 nel
1700 2913 1764 2939 1409
1779 2904 1902 2930 allorche
1917 2906 1938 2929 ii
1959 2906 2096 2929 marchose
2111 2905 2172 2928 Nie-

1281 2951 1344 2976 colo
1364 2952 1410 2978 ΙΙΙ,
1431 2953 1459 2975 111
1481 2959 1537 2975 una
1559 2951 1726 2974 investitura
1747 2950 1772 2972 ai
1793 2947 1918 2975 Roberti,
1938 2948 1965 2971 la
1980 2946 2088 2971 riservb
2110 2955 2124 2971 a
2145 2945 2172 2970 se

1282 2998 1384 3019 stesso:
1407 2994 1441 3017 cs.
1463 2994 1548 3018 anche
1568 2993 1678 3020 Time,
1699 2991 1737 3015 St,
1758 2992 1834 3021 A'on„
1856 2992 1875 3019 1,
1897 2997 1955 3023 293,
1970 2998 2028 3022 399.

2203 831 2240 860 10

2201 1094 2238 1124 15

2196 1360 2236 1388 20

2201 2074 2233 2100 35

2201 2288 2235 2311 40

2202 2494 2232 2519 45

2201 2707 2235 2732 50

2200 2911 2232 2937 55
