2370 3603
55 823 92 854 10

50 1350 91 1380 20

49 1614 90 1646 25

57 2283 88 2300 10

60 2556 88 2580 ¹5

58 2762 92 2780 20

61 2975 92 3000 25

117 235 167 268 [Α.
189 237 280 268 1358]
733 228 990 262 IOHANNIS
1018 228 1087 262 DE
1114 226 1334 264 BAZANO

119 350 267 391 dapnum
293 351 326 381 in
351 351 451 382 terris
475 350 652 382 rebellium
671 350 732 381 sub
755 360 866 390 paena
890 350 1001 382 aver-is
1024 356 1055 381 et
1080 359 1255 390 personae.
1303 347 1381 385 Qua
1407 349 1450 379 de
1468 358 1569 379 causa
1587 346 1705 378 animis
1722 344 1951 377 exultantibus

117 413 271 445 quaeque
295 402 371 434 ars¹
398 410 430 435 et
454 404 599 435 societas
622 402 769 434 civitatis
794 402 948 435 Mutinae
972 402 1083 434 induit
1105 402 1237 443 aliquos
1260 402 1401 432 iuvenes
1425 401 1468 431 de
1492 406 1565 431 arte
1589 410 1648 430 sua
1671 399 1805 429 unicam
1825 403 1949 429 vestem

117 455 257 487 cuilibet
282 456 479 492 tribuend03
504 465 590 497 quae
615 461 727 487 vestes
751 461 848 486 erant
872 455 1014 487 diversis
1047 453 1219 486 coloribus
1244 461 1277 485 et
1302 452 1469 484 eiusmodi
1502 452 1690 483 fabricatae
1723 451 1834 482 taliter
1859 449 1949 490 quod

118 508 272 539 homines
296 508 473 540 cuiuslibet
498 507 577 539 artis
600 516 661 548 per
685 517 721 538 se
745 507 873 548 optime
891 508 1127 544 cernebantur,
1144 513 1178 538 et
1195 507 1333 538 fuerunt
1357 505 1513 536 homines
1538 503 1703 545 praedicti
1726 503 1816 534 inter
1834 511 1951 534 omnes

118 570 148 591 D.
174 560 232 602 qui
258 560 406 602 quinque
430 559 552 592 diebus
570 559 739 591 continuis
755 560 852 591 ibant
875 570 936 601 per
962 560 1131 591 civitatem
1150 558 1365 599 astilicando,
1385 557 1570 599 coricando
1596 562 1628 587 et
1652 555 1805 587 sonando
1829 555 1951 585 instru-

116 619 231 644 menta
254 613 437 650 musicalia,
457 613 604 644 cortinas
622 613 665 644 de
683 612 804 653 pannis
820 612 988 645 viridibus
1012 613 1056 653 [et
1060 612 1069 652 J
1087 612 1190 643 ramis
1207 611 1363 642 arborum
1386 610 1561 645 faciendo,
1579 609 1685 640 multa
1701 609 1768 639 alia
1783 607 1903 638 solatia
1921 612 1953 636 et

116 665 241 708 gaudia
265 676 326 706 per
342 666 514 697 civitatem
531 665 566 695 in
584 665 667 696 locis
690 665 843 706 pluribus
860 665 1038 696 faciendo:
1059 665 1196 696 iuvenes
1213 670 1280 695 tam
1299 663 1390 695 cives
1406 673 1505 703 quarn
1524 662 1678 693 forenses
1694 661 1751 702 qui
1770 669 1876 701 equos
1893 660 1952 689 ha-

117 717 243 750 bebant
256 718 455 758 [faciebant]
471 717 626 749 astiludia
642 718 675 748 in
691 717 799 759 equis3
819 724 852 749 et
867 718 976 748 eciam
993 717 1147 748 dominus
1167 715 1360 757 Episcopus
1377 713 1530 746 Mutinae
1543 713 1553 729 ²
1572 714 1655 745 fecit
1672 723 1789 744 omnes
1807 712 1952 743 clericos

117 780 307 802 convocare
325 777 358 802 et
374 771 554 802 societates
577 770 641 801 Dei
659 777 692 802 et
709 770 827 802 beatae
852 770 983 802 Mariae
1009 769 1153 811 virginis
1170 769 1212 800 de
1231 768 1378 800 Battutis
1395 774 1428 799 et
1446 767 1630 798 beatissimi
1655 765 1851 798 Geminiani
1868 775 1952 796 con-

116 824 255 855 fessoris
268 824 302 854 in
315 823 463 855 ecclesia
475 823 581 864 ipsius
597 823 735 854 insimul
751 833 963 865 congregare
981 822 1040 863 [et]
1058 821 1314 863 processionem
1330 827 1363 852 et
1380 821 1541 852 letaniam
1556 820 1640 851 fecit
1658 819 1784 860 populo
1798 817 1953 849 Mutinae

115 876 315 907 solemniter
332 875 516 907 celebrare.
564 875 607 907 Et
623 882 742 917 postea
758 876 812 907 die
830 876 963 907 veneris
978 876 1047 918 xxij
1067 875 1151 906 iunii
1170 874 1428 916 preconicatum
1447 873 1511 904 fuit
1528 873 1620 913 quod
1638 881 1756 903 omnes
1772 870 1904 903 banditi
1922 876 1955 899 et

116 929 262 961 rebelles
285 929 439 960 comunis
462 929 615 960 Mutinae
640 929 821 961 occasione
846 928 1038 970 praesentis
1057 937 1200 969 guerrae
1217 926 1322 957 libere
1340 932 1374 958 et
1390 936 1509 957 secure
1527 931 1666 966 possent
1684 925 1798 956 redire
1816 930 1850 955 et
1865 929 1953 953 stare

116 993 193 1013 cum
218 992 335 1014 eorum
358 982 496 1013 familiis
519 982 552 1012 in
579 982 716 1013 civitate
741 982 897 1014 Mutinae
915 982 961 1021 [et
986 980 1125 1021 ibidem]
1143 979 1298 1011 habitare
1315 985 1348 1011 et
1365 979 1455 1011 bona
1471 989 1530 1009 sua
1548 978 1661 1009 omnia
1678 987 1763 1019 quae
1782 976 1953 1018 potuerint

116 1034 271 1065 invenire
297 1034 403 1066 libere
429 1041 462 1067 et
486 1034 654 1066 rehabere
680 1041 714 1066 et
736 1034 922 1076 possidere,
951 1045 1027 1066 cum
1051 1033 1125 1064 aliis
1149 1033 1282 1064 civibus
1307 1033 1462 1075 faciones
1487 1037 1520 1062 et
1548 1041 1651 1062 onera
1676 1030 1864 1062 subeundo.
1912 1028 1955 1059 Et

115 1093 196 1120 tunc
222 1087 316 1119 dicto
334 1087 391 1119 die
410 1088 505 1119 multi
523 1087 608 1128 [qui]
625 1087 763 1119 fuerant
781 1087 872 1128 capti
890 1093 923 1118 et
940 1086 1147 1118 incarcerati
1164 1091 1306 1127 propter
1322 1095 1490 1127 guerram,
1509 1085 1647 1115 fuerunt
1664 1083 1771 1114 libere
1788 1080 1954 1112 relaxati'.

115 1139 217 1170 Dicto
242 1139 422 1170 millesimo
447 1139 502 1170 die
525 1140 580 1182 xxj
606 1139 691 1170 iunii
716 1138 818 1170 rediit
841 1138 1010 1170 Mutinam
1034 1137 1093 1169 illa
1117 1137 1260 1169 societas
1284 1136 1430 1168 militum
1456 1142 1488 1167 et
1512 1135 1663 1177 pediturn
1689 1144 1774 1175 quae
1806 1139 1878 1165 erat
1909 1133 1953 1164 ad

114 1191 324 1234 stipendium
350 1192 437 1235 ligae
463 1198 497 1223 et
522 1202 610 1233 quae
634 1192 694 1223 ivit
719 1192 753 1222 in
778 1191 933 1233 partibus
957 1190 1187 1222 Lombardiae
1213 1191 1256 1221 ad
1280 1189 1519 1221 Mediolanum
1536 1195 1569 1219 et
1585 1189 1630 1219 ad
1654 1188 1739 1219 alias
1763 1193 1869 1218 terras
1894 1186 1954 1226 [et]

115 1245 281 1283 civitates,
307 1245 458 1282 castella,
483 1245 581 1276 villas
605 1251 639 1276 et
663 1245 740 1276 loca
764 1244 891 1286 rapinis
916 1250 949 1275 et
965 1243 1135 1275 incendiis
1153 1253 1230 1274 cum
1248 1242 1368 1274 furiosi
1385 1242 1531 1284 impetus
1548 1241 1743 1273 incursione
1760 1244 1954 1271 vastarunt:

116 1303 149 1329 et
173 1297 284 1338 posuit
309 1307 465 1339 campum
490 1309 586 1330 suum
610 1298 645 1329 in
670 1298 751 1329 villa
776 1298 818 1329 de
843 1297 951 1342 §Desiis
963 1296 985 1334 ³,
1010 1303 1046 1327 ut
1070 1296 1207 1327 minime
1226 1295 1306 1327 mali
1323 1295 1479 1327 facerent
1496 1295 1530 1326 in
1548 1294 1719 1326 territorio
1736 1293 1906 1329 Mutinae3
1925 1298 1958 1323 et

116 1356 188 1381 erat
202 1349 261 1382 illa
273 1350 420 1382 societas
436 1356 582 1393 quatuor
598 1351 689 1381 milia
706 1350 848 1381 militum
865 1350 921 1381 vel
938 1349 1034 1381 circa
1051 1349 1110 1389 [et]
1128 1348 1240 1379 lxxxx.
1259 1348 1441 1380 banderiae
1459 1347 1622 1389 peditum.
1650 1347 1691 1378 Et
1717 1346 1770 1378 die
1787 1357 1853 1376 xxv
1871 1344 1957 1376 dicti

115 1403 240 1434 mensis
264 1402 357 1440 iunii,
383 1403 498 1435 habito
523 1403 694 1445 stipendio
718 1413 789 1439 suo,
815 1403 896 1434 inde
922 1401 1145 1434 re'cesserunt
1163 1408 1197 1433 et
1214 1401 1347 1432 iverunt
1364 1401 1408 1432 ad
1433 1399 1576 1432 Pontem
1595 1400 1716 1432 Sancti
1733 1398 1905 1430 Ambrosii
1923 1404 1956 1429 et

113 1454 161 1486 ibi
177 1456 323 1488 societas
338 1457 569 1497 pernoctavit3
589 1466 687 1488 mane
704 1462 817 1487 autem
834 1456 940 1493 facto,
958 1456 1003 1486 ad
1021 1454 1171 1498 Burgum
1189 1455 1232 1486 de
1250 1453 1413 1497 Panigale
1431 1464 1507 1485 suos
1524 1463 1659 1495 gressus
1672 1453 1821 1484 totaliter
1834 1451 1957 1483 direxit

115 1514 148 1540 et
170 1508 251 1540 inde
275 1515 488 1541 recesserunt
513 1520 626 1541 versus
654 1515 768 1550 partes
792 1508 940 1540 Tusciae
955 1510 982 1541 ⁴:
1007 1507 1221 1540 ambulantes
1246 1517 1363 1539 versus
1386 1513 1500 1548 partes
1523 1507 1670 1537 Tusciae
1696 1504 1957 1540 Romandiolae‚

114 1562 228 1603 aliqua
251 1573 330 1604 pars
355 1562 438 1594 dicti
462 1562 632 1595 exercitus
655 1562 772 1594 habuit
798 1561 1005 1598 conflictum,
1031 1561 1065 1592 in
1090 1571 1158 1602 quo
1184 1560 1346 1591 conflictu
1363 1560 1455 1591 dicta
1483 1560 1629 1591 societas
1654 1569 1759 1600 equos
1781 1564 1960 1589 sexcentos

114 1615 265 1656 perdidit
290 1620 323 1647 et
339 1615 452 1647 amisit
469 1621 502 1647 et
526 1615 744 1648 nihilominus
762 1615 855 1646 dicta
872 1614 1018 1646 societas
1034 1625 1069 1645 se
1088 1612 1307 1654 recuperavit
1320 1613 1342 1644 ⁵.
1388 1613 1489 1644 Dicto
1508 1613 1685 1644 millesimo
1702 1612 1758 1643 die
1771 1611 1886 1642 martis
1909 1609 1957 1652 iiij

115 1667 319 1709 septembris
344 1674 491 1700 castrum
509 1668 667 1709 Campilii
685 1674 717 1699 et
734 1673 880 1699 castrum
906 1666 1041 1698 Marani
1059 1665 1229 1707 Campilii,
1247 1677 1335 1707 quae
1354 1672 1466 1698 castra
1484 1664 1728 1698 detinebantur
1744 1675 1807 1705 per
1826 1663 1958 1695 nobiles

206 1887 227 1904 1.
248 1881 340 1904 averis
360 1887 428 1905 corr.
450 1882 536 1910 Μυκ.1
558 1882 618 1911 σω
644 1881 734 1904 aureis
754 1880 785 1903 A.
810 1894 838 1897 —-
868 1887 889 1903 z.
910 1878 1046 1910 quaeque]
1070 1878 1198 1910 quodque
1217 1879 1264 1905 A.;
1286 1878 1424 1910 quaelibet
1446 1879 1530 1905 Mun„
1552 1878 1596 1901 Cr.
1617 1890 1624 1893 -
1645 1876 1750 1907 aliquot
1776 1875 1861 1904 Mox„
1886 1875 1929 1898 (ir.

116 1923 239 1955 unicam]
259 1923 311 1947 cos>
330 1924 370 1953 A..
391 1926 480 1952 Mum,
501 1925 562 1954 Cr.;
582 1926 717 1949 sericam?
738 1938 768 1941 —
791 1931 814 1954 3.
834 1924 949 1948 cuilibet
970 1931 1039 1948 corr.
1061 1923 1147 1951 Μι,κ.,
1164 1924 1226 1952 (ἕνη,
1245 1923 1395 1947 cuiuslibet
1415 1922 1444 1945 Α.
1466 1935 1475 1939 -
1496 1922 1590 1945 taliter
1604 1929 1673 1945 corr.
1699 1921 1782 1947 Mna,
1804 1921 1836 1943 Cr
1858 1928 1862 1944 ;
1884 1920 1958 1942 tota-

116 1969 180 1992 nter
198 1968 230 1992 A.
258 1982 289 1985 —
310 1976 332 1999 4.
352 1969 501 1993 cuiuslibet
521 1977 589 1993 corr.
611 1970 696 1998 Mun„
718 1970 779 1998 Cr.;
798 1968 911 1993 cuilibet
930 1967 961 1992 A.
984 1981 1013 1984 ἡ
1036 1974 1058 1999 5.
1079 1966 1221 1999 sonando]
1243 1975 1310 1990 corr.
1338 1966 1424 1993 MUR„
1454 1968 1512 1992 Cr.;
1542 1966 1631 1989 sonda
1650 1966 1682 1989 Α.
1708 1978 1738 1981 -
1760 1963 1783 1988 6.
1805 1964 1906 1995 pannis
1926 1964 1954 1986 et

117 2013 199 2037 virid.
220 2014 304 2038 ramis
326 2013 411 2043 Mun„
434 2014 478 2037 Cr.
501 2028 531 2031 --
551 2015 575 2037 8.
596 2014 736 2037 faciebant
755 2021 823 2045 agg:
847 2012 933 2042 Μυκ.,
955 2013 1000 2036 Cr.
1022 2025 1052 2028 —
1077 2019 1117 2035 10.
1138 2013 1165 2034 et
1185 2019 1251 2042 agg.
1281 2011 1367 2039 Mun..
1393 2012 1436 2035 Cr.
1460 2024 1490 2027 —
1515 2018 1551 2041 13.
1582 2012 1708 2034 Mutinae
1733 2011 1758 2033 et
1782 2009 1854 2032 bona
1876 2008 1960 2035 Mun..

119 2058 163 2081 Cr.
178 2070 189 2074 -
208 2058 342 2089 poterunt
361 2058 402 2086 A..
423 2058 509 2082 Mixa..
533 2059 578 2082 Cr.
596 2073 624 2075 Q
643 2065 681 2088 14.
701 2060 728 2082 et
750 2058 845 2082 avanti
864 2066 879 2080 ιι
900 2057 1029 2081 rehabere
1048 2064 1097 2081 om.
1120 2056 1206 2084 Mun„
1228 2057 1272 2081 Cr.
1296 2068 1327 2072 —-
1351 2063 1389 2087 15·
1409 2056 1455 2086 qui
1471 2064 1538 2087 agg.
1554 2056 1640 2084 Mum,
1658 2056 1702 2077 (fr.
1720 2068 1749 2069 a„
1768 2059 1805 2083 17.
1820 2052 1961 2084 stipendia

130 2102 216 2131 Μυκ.7
231 2103 277 2127 Cr.
292 2114 303 2120 -
316 2103 344 2126 et
357 2102 421 2133 dopo
444 2103 532 2126 terras
552 2111 619 2134 agg.
641 2103 729 2130 Mum,
758 2104 801 2125 Cr.
828 2114 857 2117 —
890 2102 929 2125 18.
951 2101 1030 2125 civit.
1052 2102 1081 2124 et
1102 2102 1172 2124 cast.
1187 2099 1218 2122 Α.
1236 2112 1245 2116 -
1263 2101 1387 2123 vastarat
1411 2100 1496 2127 Mun..
1514 2099 1560 2123 Cr.
1574 2112 1605 2115 —
1625 2106 1663 2130 ¹9·
1683 2097 1785 2129 Cesiis]
1806 2098 1892 2122 (jesue
1914 2096 1961 2123 Λ.;

116 2145 216 2170 Cexiis
236 2146 322 2175 Mun„
344 2147 388 2170 Cr.
410 2159 419 2163 -
441 2146 588 2170 minimum
612 2147 696 2176 Mum,
720 2147 765 2169 Cr.
793 2160 823 2163 ἡ
857 2152 897 2168 20.
911 2147 939 2169 et
953 2145 1019 2176 dopo
1038 2145 1113 2168 circa
1134 2153 1201 2175 agg.
1230 2145 1316 2171 Μυκ..
1345 2145 1390 2167 Cr.
1419 2157 1449 2160 —-
1478 2142 1717 2173 33.recesser1¹nt]
1739 2142 1892 2166 recesentes
1912 2140 1960 2165 .4.;

117 2189 274 2214 recedentes
293 2190 380 2218 Mna..
403 2190 449 2214 Cr.
468 2203 479 2208 -
497 2191 568 2213 amb.
591 2198 683 2214 versus
704 2191 799 2222 partes
820 2190 936 2213 'rusiam
963 2188 1179 2213 Romandiolam
1200 2188 1248 2217 A.;
1269 2188 1341 2211 amb.
1363 2189 1436 2211 inter
1457 2188 1585 2211 Tum-Iam
1606 2189 1633 2210 et
1653 2185 1864 2210 Romandiolam
1885 2184 1961 2208 Μυκ.

120 2234 178 2257 Cn:
198 2241 244 2257 con
266 2233 370 2258 Tuscia
390 2234 578 2258 Romandiola
603 2235 627 2257 il
644 2242 712 2258 crms.
734 2235 811 2257 :mole
831 2233 947 2257 indit-arn
973 2234 1000 2256 la
1032 2233 1149 2255 'I'ossmm
1176 2233 1335 2261 romagmmla
1356 2239 1369 2255 ι)
1394 2233 1534 2263 Homagmz
1560 2235 1680 2257 tom-amu,
1709 2237 1753 2253 ουκ·
1775 2230 1810 2260 sn
1840 2228 1961 2259 sconfiltn

118 2277 146 2300 la
167 2278 330 2309 Compagnia
350 2278 394 2300 dpl
410 2281 481 2301 conte
501 2278 595 2302 Latmo

205 2380 211 2397 ¹
235 2382 323 2414 Sopra
344 2383 369 2406 le
390 2383 452 2406 Arri
475 2392 490 2406 0
511 2384 702 2414 corporazioni
726 2384 752 2407 di
775 2385 901 2407 mestiere
923 2383 1010 2407 allora

116 2425 243 2449 esistenti
266 2423 294 2447 in
316 2424 444 2451 Modena,
466 2425 538 2448 oltre
558 2424 595 2455 gli
621 2426 723 2448 Staluti
741 2425 785 2447 del
810 2431 882 2455 1327·
904 2424 951 2447 lib.
980 2424 1012 2452 ΙΙ,

118 2467 190 2490 rubr.
212 2467 252 2497 76,
274 2468 294 2491 si
312 2474 435 2498 possono
450 2467 546 2490 vedere
561 2474 612 2489 con
630 2466 718 2489 srutto
734 2466 758 2489 le
774 2467 876 2489 notizie
893 2466 1013 2489 raccolte

119 2509 153 2532 da
167 2509 199 2532 V.
214 2508 394 2535 FRANcflxNI,
411 2509 449 2531 Lo
463 2511 561 2531 statuto
573 2509 646 2531 della
663 2508 848 2537 cor-parazionc
859 2509 904 2531 dei
915 2508 1010 2537 sabbri,

117 2548 164 2582 gia
184 2551 240 2578 cit.v
260 2558 305 2582 pp.
330 2549 431 2581 87-105.

206 2590 217 2607 ²
237 2592 454 2616 Aldobrandino
469 2592 569 2619 d’Este,
584 2592 662 2623 figlio
677 2592 720 2615 dcl
735 2592 874 2616 marchese
888 2591 1011 2616 Rinaldo

119 2642 132 2659 e
148 2642 266 2658 vescovo
281 2635 308 2658 di
323 2634 444 2658 Modena
458 2634 503 2658 dal
522 2641 586 2666 1353
602 2634 626 2657 al
645 2633 841 2664 1380OE1mssr,
857 2634 876 2661 Ι,
891 2639 942 2665 370
955 2642 968 2658 e
983 2635 1012 2657 B.

119 2675 203 2700 Rrec¹
219 2677 247 2699 in
263 2676 343 2700 Atti
359 2684 372 2700 e
393 2684 484 2700 mem.
506 2676 603 2699 della
625 2684 651 2699 r.
667 2676 785 2707 deput.
806 2676 839 2699 di
862 2678 900 2700 st.
915 2678 1011 2708 patr.

120 2726 180 2749 per
200 2718 233 2741 le
252 2725 354 2749 prov.
384 2718 482 2748 mod.‚
504 2716 532 2748 5ὖι
560 2719 636 2747 serie,
667 2718 722 2741 vol.
742 2718 789 2747 ΙΙΙ,
810 2725 854 2749 pp.
879 2717 1010 2749 179-221).

207 2758 217 2775 ³
236 2760 261 2783 A
274 2761 424 2792 proposito
438 2760 467 2784 di
481 2761 577 2791 questa
592 2760 668 2783 Villa
684 2760 716 2783 (le
731 2760 822 2792 §esiis
837 2758 850 2784 'e
864 2761 899 2784 da
912 2763 1012 2785 notare

120 2802 169 2825 che
189 2802 209 2825 il
232 2808 311 2825 nome
330 2802 360 2825 di
380 2803 447 2826 Zese
461 2801 510 2833 (pl.
532 2801 559 2825 di
576 2810 635 2825 :esa
656 2801 789 2833 tagliata')
810 2802 839 2825 fu
863 2802 928 2826 dato
956 2803 1011 2826 fino

120 2843 164 2867 dal
187 2850 238 2867 sec.
267 2843 304 2867 XI
325 2843 359 2867 ad
385 2851 439 2867 una
470 2841 586 2867 localita
612 2843 687 2867 della
716 2844 835 2875 pianura
864 2844 1011 2868 modenese

121 2885 354 2916 corrispondente
373 2885 530 2909 all’attuale
558 2886 706 2916 Bastiglia.
728 2887 762 2909 da
776 2893 832 2909 una
852 2885 941 2909 bastia
963 2887 1011 2910 vhe

123 2927 151 2950 su
171 2927 221 2959 poi
247 2926 401 2952 riedificata
421 2928 455 2951 da
482 2926 609 2951 Bernabb
636 2927 768 2951 Visconti
795 2928 838 2951 nel
871 2933 937 2959 1354
964 2929 1011 2960 tes.

122 2968 248 2997 Azmuo,
268 2970 296 2992 in
321 2970 381 2993 [ΡΗ.
408 2971 443 2994 ΙΙ.
466 2970 522 2999 SS..
545 2969 616 2996 XVI,
640 2974 710 3002 3333.
743 2970 783 2993 Dn
811 2974 909 3001 questo
926 2971 1011 3001 luogo

1067 2386 1156 2406 trasse
1176 2383 1288 2414 origine
1309 2383 1335 2405 la
1357 2381 1462 2405 stoi-ira
1486 2381 1612 2411 famiglia
1633 2381 1706 2405 Cesi.

1157 2423 1166 2438 ⁴
1191 2425 1210 2447 E
1232 2424 1257 2448 la
1285 2423 1368 2448 solita
1390 2422 1465 2447 Gran
1493 2423 1669 2454 Compagnia
1697 2422 1739 2446 tlel
1761 2425 1841 2446 conte
1865 2422 1959 2445 Laudo

1068 2466 1093 2490 la
1114 2466 1202 2497 quale,
1224 2467 1298 2497 (lopo
1318 2466 1344 2489 la
1366 2473 1438 2496 pace,
1456 2473 1510 2488 non
1527 2465 1634 2488 avendo
1655 2463 1702 2495 piu
1719 2464 1795 2487 nulla
1811 2465 1843 2487 da
1861 2464 1916 2486 fare
1933 2464 1958 2485 iu

1067 2508 1244 2535 Lombardia.
1266 2505 1377 2531 ritornt')
1398 2514 1445 2538 pcr
1466 2507 1600 2530 Mantova
1621 2514 1634 2529 n
1656 2507 1783 2529 Modeua⁴
1800 2513 1846 2536 per
1861 2506 1962 2528 riscuo-

1067 2552 1123 2574 tere
1144 2550 1168 2573 le
1183 2550 1271 2581 paghe
1286 2550 1318 2573 ad
1334 2557 1393 2573 essa
1408 2550 1511 2572 dovute
1527 2550 1570 2572 dai
1588 2549 1692 2579 signori
1709 2548 1839 2579 collegati
1854 2557 1858 2573 ;
1880 2549 1961 2570 avute

1068 2591 1092 2615 le
1112 2592 1187 2622 quali
1209 2592 1255 2614 dal
1277 2591 1415 2614 marchese
1435 2591 1536 2616 ‹1’Estc‚
1552 2598 1641 2614 mosse
1656 2598 1735 2613 verso
1750 2590 1876 2621 Bologna
1891 2590 1961 2613 dove

1067 2636 1165 2665 giunse
1187 2634 1205 2657 il
1230 2640 1261 2657 10
1280 2634 1370 2664 luglio
1389 2633 1586 2665 (SxomNoLFx,
1604 2637 1644 2664 ap.
1664 2634 1717 2658 cit..
1739 2640 1764 2663 p.
1786 2631 1855 2662 228),
1876 2634 1960 2662 ripar-

1067 2676 1188 2699 tendone
1203 2677 1249 2707 poi
1263 2678 1356 2706 presto
1371 2683 1419 2706 per
1433 2676 1535 2698 andare
1550 2676 1578 2698 in
1594 2674 1720 2698 Toscana
1736 2674 1760 2697 al
1777 2675 1897 2697 servizio
1918 2674 1961 2697 del

1068 2726 1186 2742 comune
1205 2718 1232 2741 (11
1255 2718 1346 2741 siena.

1156 2759 1166 2774 5
1187 2760 1275 2791 Sopra
1296 2760 1421 2783 rassalto
1444 2760 1588 2783 fortunato
1604 2760 1646 2783 (lei
1663 2760 1807 2783 contadini
1823 2759 1850 2782 di
1867 2758 1917 2781 Val
1933 2758 1959 2781 di

1067 2803 1190 2826 Lamone
1217 2802 1271 2825 alla
1298 2800 1374 2825 Gran
1396 2800 1572 2833 Conipagnia
1600 2803 1620 2824 si
1644 2802 1711 2825 vecla
1732 2799 1776 2824 (ὶὸ
1797 2802 1845 2824 che
1874 2802 1962 2824 scrive

1067 2853 1117 2868 con
1134 2844 1213 2867 molti
1236 2844 1398 2875 particolari
1416 2844 1451 2867 M.
1467 2844 1575 2867 Villani
1592 2845 1657 2873 (Cn,
1675 2844 1746 2870 VIII„
1763 2843 1861 2875 74-79).
1876 2842 1962 2866 corso

1067 2886 1156 2910 allora
1177 2893 1224 2917 per
1245 2886 1346 2909 l'Italia
1368 2893 1404 2909 un
1428 2886 1550 2909 lamento
1571 2886 1598 2908 in
1621 2887 1699 2910 rima.
1726 2886 1774 2908 che
1800 2883 1865 2916 pote
1890 2892 1962 2907 esser

1066 2930 1231 2951 conosciuto
1246 2928 1291 2951 dal
1308 2930 1405 2951 nostro
1417 2929 1539 2951 cronista
1553 2927 1658 2960 (vedilo
1675 2929 1701 2951 in
1718 2928 1820 2950 MED1N
1834 2935 1846 2950 e
1861 2926 1961 2952 Fun.

1070 2971 1308 2996 I.a711ru!1'stnr1'c1'‚
1331 2971 1384 2993 vol.
1407 2970 1435 2998 Ι).

2015 1402 2086 1423 Μυκη
2102 1402 2140 1423 629

1990 2552 2023 2576 30

1990 2762 2021 2787 35

1992 2977 2005 2998 4
2008 2975 2024 2989 Γ)
