2318 3603
954 240 1270 279 CHRONICON
1300 243 1608 280 MUTINENSE
2028 249 2078 284 [Α.
2101 251 2194 284 134⁷]

370 316 2175 327 .......................................................................................................................................................................................................
2178 320 2194 326 ..

364 364 490 395 domini
514 365 653 396 Mastini
679 365 790 397 eidem
815 366 971 397 dominae
995 371 1030 396 et
1053 365 1147 407 genti
1170 376 1251 396 suae
1277 365 1414 396 fuerunt
1438 365 1548 397 factae
1574 375 1690 396 omnes
1714 374 1884 406 expensae
1914 375 1977 406 per
2007 371 2113 396 totum
2139 365 2190 396 di-

364 417 515 447 strictum
539 417 644 458 ipsius
667 418 798 449 domini
823 417 973 449 Mastini.
1021 419 1065 449 Et
1089 418 1243 449 similiter
1266 423 1407 458 recepta
1430 417 1493 449 fnit
1516 418 1551 448 in
1576 418 1713 449 civitate
1739 417 1878 449 Paduae
1893 427 1954 459 per
1971 418 2126 449 dominos
2151 418 2194 448 de

364 468 504 500 Cararia
519 470 626 510 ipsam
645 470 818 502 civitatem
835 477 993 513 regentes
1010 477 1042 502 et
1059 471 1113 502 die
1130 471 1215 501 iovis
1239 481 1260 500 x
1284 469 1374 506 maii,
1393 470 1562 502 festivitas
1585 470 1792 501 ascensionis
1816 470 1963 507 Domini,
1987 471 2022 501 in
2054 470 2192 501 civitate

363 520 583 554 Veiietiarum
599 535 661 564 per
678 524 851 555 dominum
868 525 999 556 Ducem
1016 531 1049 555 et
1064 535 1126 565 per
1150 523 1280 554 nobiles
1296 523 1399 564 ipsius
1423 523 1570 555 civitatis
1597 524 1775 565 magnifice
1792 523 1858 554 fuit
1874 529 2014 563 recepta
2038 528 2072 554 et
2087 523 2194 554 hono-

362 573 454 605 rifice
471 581 507 606 ut
523 576 650 617 regina.
674 576 775 608 Dicto
792 577 973 608 millesimo
991 577 1033 608 de
1051 587 1165 607 mense
1182 576 1248 607 mai
1266 575 1321 606 die
1337 587 1381 606 xx
1397 575 1406 592 ¹
1425 570 1580 607 dominus
1597 576 1758 607 Nicolaus
1775 575 1862 606 filius
1879 575 2050 616 quondam
2067 574 2195 606 domini
2219 573 2236 604 5

360 626 536 659 Laurentii
560 629 711 660 notarius
728 635 762 661 et
778 629 862 661 civis
879 640 1038 661 romanus
1056 635 1089 660 et
1104 629 1288 669 populares
1304 627 1420 664 Urbis,
1437 634 1578 669 propter
1601 628 1714 669 iniqua
1732 635 1765 659 et
1781 627 1927 669 pessima
1951 637 2037 668 quae
2061 627 2096 657 in
2120 627 2195 668 ipsa

362 678 501 711 civitate
525 681 811 722 perpetrabantur
826 693 888 723 per
905 681 1037 713 nobiles
1062 688 1095 712 et
1119 686 1285 721 potentes,
1310 679 1438 720 impetu
1463 686 1496 711 et
1520 680 1636 719 furore
1666 680 1870 721 expulerunt
1887 680 1930 711 de
1947 679 2039 710 dicta
2056 678 2194 710 civitate

360 731 492 763 nobiles
515 732 558 764 de
581 733 715 765 Ursinis
738 740 772 765 et
797 735 839 765 de
864 734 1029 775 Colupnis
1054 739 1087 765 et
1111 733 1219 765 eciam
1244 732 1328 763 alios
1356 731 1488 763 nobiles
1513 738 1546 763 et
1569 738 1725 773 potentes
1758 732 1872 764 dictae
1902 731 2014 763 Urbis.
2060 731 2192 762 Eodem

361 784 538 816 millesimo
563 786 607 817 de
630 797 744 818 mense
768 786 853 818 iunii
877 786 1091 818 transmissae
1116 786 1254 817 fuerunt
1279 785 1396 816 literae
1414 784 1582 815 Mutinam
1595 784 1638 816 ab
1661 784 1757 816 Urbe
1782 795 1869 825 quae
1893 785 1943 815 sic
1966 783 2192 824 incipiebant:

367 835 543 869 “Auctore
568 839 829 870 clementissimo
858 839 994 871 domino
1010 845 1125 870 nostro
1149 838 1230 880 Jesu
1253 837 1403 873 Christo,
1428 837 1592 868 Nicolaus
1615 847 1751 869 severus
1775 844 1808 868 et
1831 837 1994 874 clemens,
2017 835 2192 872 libertatis,
2220 836 2258 866 10

365 889 486 930 “pacis
510 890 733 933 iusticiaeque
758 891 930 923 Tribunus
954 899 987 923 et
1010 901 1127 922 sacrae
1145 891 1324 922 Romanae
1348 889 1575 930 Reipublicae
1603 889 1764 921 liberator
1791 889 1939 926 illustris,
1963 889 2134 921 nobilibus
2158 894 2192 919 et

366 943 379 957 ⁸⁴
394 942 619 981 prudentibus
642 944 723 975 viris
746 944 924 981 Potestati‚
941 944 1142 985 Capitane0‚
1159 942 1263 974 Bonis
1279 941 1483 980 hominibus,
1502 942 1658 979 Sindico‚
1675 942 1825 974 Consilio
1842 942 1900 982 [et]
1928 941 2071 974 Comuni
2086 940 2196 981 ‘[civi-

366 996 380 1010 ⁸⁴
395 995 484 1035 tatis]
508 992 664 1028 Mutinae
686 996 723 1028 in
746 997 955 1029 Lombardia
979 996 1178 1033 constitutis,
1204 995 1307 1027 'sacri
1331 995 1481 1027 Romani
1498 995 1620 1036 Populi
1643 995 1719 1026 filiis
1743 995 1789 1035 [et
1814 994 1969 1034 devotis]‚
1992 993 2135 1025 salutem
2162 998 2195 1024 et

365 1048 379 1062 “
394 1057 469 1078 cum
487 1049 779 1081 reconciliacione
795 1049 860 1081 Dei
877 1061 996 1091 pacem
1027 1055 1060 1081 et
1075 1049 1243 1081 iusticiam
1262 1048 1427 1079 venerari.
1467 1046 1726 1079 Annunciamus
1742 1047 1840 1079 vobis
1856 1047 2018 1089 gaudium
2035 1056 2194 1088 magnum

364 1100 377 1114 “
392 1105 425 1130 et
439 1098 565 1130 donum
585 1100 728 1142 Spiritus
746 1101 866 1133 Sancti
879 1100 901 1139 ²,
927 1101 1032 1143 [quod
1055 1101 1129 1142 pius
1145 1100 1255 1142 pater]
1280 1106 1313 1131 et
1337 1100 1492 1132 dominus
1517 1105 1633 1131 noster
1657 1099 1772 1130 Ihesus
1796 1099 1960 1135 Christus,
1987 1099 2018 1129 in
2042 1099 2108 1130 hac
2133 1108 2191 1128 ve-
2221 1096 2257 1127 15

362 1152 376 1167 ‘⁴
393 1153 545 1184 neranda
562 1153 617 1185 die
634 1153 828 1185 festivitatis
844 1154 998 1186 Paschae
1016 1154 1271 1190 penthecostes,
1289 1163 1351 1194 per
1366 1153 1632 1194 inspiracionem
1650 1152 1795 1193 Spiritus
1815 1152 1944 1189 Sancti,
1961 1151 2041 1182 huic
2058 1156 2195 1182 sanctae

365 1206 379 1220 ‘⁴
394 1204 477 1236 Urbi
495 1210 529 1236 et
545 1206 674 1247 populo
691 1206 763 1237 eius
779 1217 818 1238 ac
836 1207 934 1238 vobis
951 1212 984 1238 et
1001 1206 1157 1238 omnibus
1180 1206 1337 1237 fidelibus
1352 1205 1489 1247 populis
1505 1205 1631 1237 Christi
1649 1205 1705 1246 qui
1722 1215 1781 1236 sua
1797 1204 1950 1236 membra
1979 1203 2195 1244 consis[ti]tis‚

364 1258 378 1273 ⁴⁴
392 1257 552 1299 dignatus
568 1258 642 1299 [est]
660 1258 928 1291 misericorditer
945 1259 1092 1301 elargiri.
1133 1258 1235 1295 Sane,
1253 1268 1328 1289 cum
1345 1257 1476 1298 stat[us]
1493 1257 1599 1299 ipsius
1614 1257 1722 1289 almae
1739 1257 1844 1289 Urbis
1858 1281 1871 1295 „
1890 1257 1981 1297 [etc.]
1994 1256 2005 1273 ³
2022 1256 2196 1287 narrando

359 1310 558 1351 quo[modo]
575 1311 706 1342 urbana
731 1311 849 1343 civitas
866 1311 988 1343 eratin
1005 1312 1151 1353 pessimo
1174 1317 1273 1348 statu,
1298 1311 1333 1341 in
1351 1321 1418 1352 quo
1442 1311 1623 1351 assumpsit
1647 1310 1790 1341 officium
1820 1309 2008 1341 tribunatus
2029 1309 2065 1340 in
2089 1308 2195 1346 Urbe,

359 1371 392 1393 et
407 1363 474 1394 alia
489 1362 613 1395 multa'
637 1364 750 1406 [quae]
775 1364 916 1395 obmitto
930 1364 958 1396 ⁴:
976 1364 1113 1395 tandem
1132 1365 1167 1394 in
1185 1365 1252 1394 fine
1271 1363 1473 1395 exhortabat
1489 1369 1524 1394 ut
1541 1364 1694 1404 placeret
1709 1362 1959 1394 Mutinensibus
1975 1372 2051 1393 cum
2068 1361 2197 1403 populo
2221 1362 2262 1392 20

359 1415 465 1446 Urbis
489 1416 532 1447 de
556 1416 616 1447 tali
633 1416 783 1448 novitate
801 1416 949 1458 [gracias
965 1417 1112 1447 reddere
1135 1416 1300 1448 altissimo
1325 1416 1494 1448 Salvatori
1518 1426 1557 1447 ac
1582 1415 1799 1446 sanctissimis
1816 1415 1977 1456 apostolis
2000 1414 2080 1455 suis]
2105 1420 2139 1446 et
2160 1424 2196 1445 se

179 1005 264 1026 arab

177 1368 250 1389 Mun..
271 1369 309 1387 ⁶08

446 1571 470 1594 3.
490 1564 521 1587 in
541 1563 699 1588 testivitate
720 1564 807 1592 Mun„
830 1564 874 1587 Cr.
896 1577 926 1580 Q
947 1562 970 1586 6.
993 1571 1077 1595 prope
1091 1563 1124 1586 A.
1138 1576 1170 1580 —-
1191 1570 1214 1592 9.
1236 1562 1423 1594 incipiebant]
1451 1563 1650 1594 inquiebantur
1669 1563 1712 1592 A„
1735 1564 1796 1591 (ἵης
1817 1562 1981 1594 inquiebant
2000 1562 2094 1590 Mun.;
2113 1570 2156 1586 ma
2174 1562 2199 1585 il

358 1608 473 1631 (ranis-ta
492 1607 616 1639 riserisce
633 1608 690 1630 solo
708 1607 733 1630 il
747 1607 879 1637 principio
898 1607 970 1631 della
990 1607 1114 1637 Epistola
1134 1607 1164 1629 di
1184 1607 1260 1635 cola,
1274 1607 1300 1629 ni
1318 1607 1396 1629 credo
1408 1607 1485 1638 josse-
1505 1610 1579 1629 usala
1599 1610 1689 1636 quasia
1701 1607 1797 1638 forma
1816 1606 1944 1637 dt'settiva
1957 1606 2002 1629 «let
2018 1605 2099 1629 verbo
2112 1606 2197 1630 latino

359 1664 389 1668 —
408 1658 446 1674 10.
461 1652 583 1675 Auctore
595 1658 664 1675 corr.
680 1651 765 1679 Mum,
782 1652 843 1679 Cr.3
867 1650 967 1674 Vetore
985 1651 1031 1679 A.;
1052 1651 1076 1674 il
1093 1654 1177 1674 tratto
1196 1649 1387 1681 dell‘Epistala
1401 1651 1509 1682 rtjferito
1523 1650 1574 1672 dal
1584 1651 1700 1673 crom'sta
1714 1651 1747 1673 nd
1764 1651 1788 1673 il
1806 1650 1937 1673 rim-sunto
1948 1650 1994 1672 del
2002 1656 2048 1672 suo
2062 1652 2198 1673 contemto

356 1698 489 1719 ›nostrano
508 1696 552 1719 clue
571 1696 650 1720 anche
668 1696 700 1719 al
715 1702 820 1718 cantune
838 1694 868 1717 di
887 1695 1001 1718 Modena
1013 1694 1051 1726 su
1071 1694 1198 1717 mandata
1218 1695 1246 1718 la
1265 1694 1396 1717 circolare
1415 1694 1446 1716 di
1462 1696 1503 1717 cui
1521 1694 1546 1717 ci
1566 1697 1673 1717 restano
1688 1695 1736 1725 gli
1756 1694 1900 1724 esemplari
1923 1694 2024 1716 inviati
2040 1701 2057 1716 ιι
2081 1693 2195 1722 Viterbo,

321 1744 334 1768 5
364 1747 380 1760 a
393 1739 526 1769 Perugia,
540 1747 557 1763 α
571 1739 684 1764 Firenaee
697 1739 730 1762 cd
741 1747 758 1761 (ι
772 1739 874 1762 Lacca:
894 1739 924 1762 lto
943 1739 1079 1762 emendato
1092 1739 1125 1761 ed
1142 1739 1276 1769 integrato
1294 1738 1323 1760 in
1340 1738 1448 1768 qualche
1462 1741 1545 1767 punto
1565 1739 1592 1760 la
1610 1739 1708 1761 lezione
1724 1738 1753 1760 de·
1764 1738 1796 1760 A.
1811 1738 1853 1761 col
1863 1742 1928 1761 testo
1942 1738 1974 1761 di
1982 1741 2072 1767 questa
2082 1737 2196 1768 epistola

357 1783 420 1806 dato
438 1782 576 1806 dall’ediz.
597 1783 736 1807 Buamcn
755 1790 769 1805 e
788 1782 860 1806 P1ua
881 1783 925 1805 ebe
944 1781 1076 1806 imliclterb
1094 1789 1140 1806 con
1161 1782 1214 1806 BP.
1234 1783 1274 1804 nei
1292 1782 1348 1805 case*
1365 1783 1393 1805 in
1412 1782 1455 1806 cui
1467 1782 1494 1804 la
1508 1788 1555 1804 sua
1575 1782 1674 1805 lezione
1693 1782 1707 1805 ὲ
1727 1782 1855 1813 da‘sforme
1877 1782 1913 1804 da
1931 1782 2021 1812 quella
2039 1781 2144 1805 accolta
2163 1781 2197 1804 da

356 1833 395 1848 me
413 1827 459 1849 nel
473 1830 540 1850 testo
559 1834 573 1850 o
591 1826 762 1850 trasmessaci
777 1826 813 1849 da
831 1826 864 1849 A.
882 1838 894 1843 -
914 1826 1064 1856 libertatis]
1085 1824 1135 1849 cosi
1156 1825 1242 1852 Mun„
1264 1826 1322 1850 Cn:
1342 1825 1459 1849 libertus
1479 1826 1512 1850 A.
1537 1838 1569 1843 ——
1595 1832 1634 1849 11.
1655 1827 1681 1849 et
1701 1824 1788 1856 sacre]
1803 1826 1918 1849 sanetae
1936 1825 1978 1855 A„
2000 1825 2086 1854 Mum,
2107 1825 2154 1849 Cr.
2177 1837 2189 1842 -

359 1870 476 1894 illustris
495 1878 544 1894 non
558 1871 570 1893 ὲ
583 1871 611 1894 in
625 1870 678 1894 BP.
694 1883 724 1886 —
741 1876 781 1893 12.
796 1869 992 1901 prudentibus]
1006 1869 1057 1894 cos}
1070 1870 1138 1898 ΒΡ.;
1152 1869 1317 1899 potentibus
1330 1870 1373 1898 A„
1389 1870 1474 1897 Mun„
1491 1870 1537 1893 Cr.
1551 1882 1561 1886 -
1581 1869 1732 1900 Potestatil
1747 1870 1799 1893 cosi
1815 1869 1885 1900 BP.3
1900 1871 2036 1901 prestanti
2049 1869 2094 1899 A„
2107 1869 2195 1898 Mun„

360 1915 404 1938 Cr.
424 1927 434 1931 -
455 1914 584 1938 Consilio
603 1914 732 1938 comunis
753 1914 860 1938 Mutine
879 1914 925 1939 ΑΛ
946 1915 1033 1943 Mun„
1057 1915 1101 1938 Cr.
1122 1914 1203 1936 hanno
1223 1914 1252 1936 la
1269 1916 1350 1937 stessa
1370 1914 1467 1938 lesione
1486 1921 1527 1936 ma
1539 1914 1628 1946 fanno
1643 1914 1787 1944 precedere
1806 1914 1935 1939 Consilio
1954 1914 1989 1936 da
2008 1914 2035 1936 et
2053 1913 2098 1936 che
2115 1920 2166 1936 non
2186 1912 2200 1936 ὲ

302 1964 333 1981 10
360 1958 386 1981 in
405 1958 466 1986 BP.⁷
485 1958 554 1982 dove
572 1959 663 1982 invece
681 1961 709 1982 et
729 1957 742 1982 ὲ
756 1961 834 1988 posto
854 1959 918 1988 dopo
939 1957 1068 1982 Consilio
1088 1971 1120 1974 -
1144 1963 1231 1987 12-13.
1246 1956 1368 1982 Comuni
1383 1957 1509 1981 civitatis
1530 1958 1597 1981 Mut.
1613 1958 1664 1982 BP.
1685 1971 1717 1974 —
1739 1965 1778 1989 13.
1791 1958 1956 1982 constitutis
1969 1956 2053 1988 sacri]
2066 1955 2117 1981 cosi
2130 1956 2198 1986 BP.;

360 2002 511 2026 constituit
537 2002 617 2026 satiri
638 2003 684 2032 A.;
711 2002 876 2027 constitutis
889 2002 1008 2026 Senatus
1036 2001 1122 2026 MUR..
1150 2001 1194 2026 Cr.
1215 2014 1225 2018 -
1244 2001 1273 2025 et
1292 2001 1404 2024 devotis
1423 2009 1492 2033 agg.
1511 2004 1599 2025 tratta
1613 2001 1648 2025 ιιά
1668 2002 1720 2026 ΒΡ.
1744 2015 1773 2019 -
1796 2006 1836 2032 15.
1855 2001 1930 2032 quod
1949 2001 2014 2032 pius
2033 2001 2113 2034 pater
2131 2008 2198 2032 agg.

363 2049 449 2070 fratta
475 2046 511 2069 da
537 2046 589 2069 BP.
610 2058 620 2063 —
640 2048 668 2070 et
687 2046 876 2071 dominus....
903 2044 1046 2075 Christus]
1069 2044 1120 2068 cosi
1139 2045 1208 2074 BP.3
1227 2046 1255 2068 et
1273 2051 1323 2076 per
1343 2045 1432 2075 ipsius
1457 2046 1567 2069 domini
1587 2047 1678 2069 nostri
1701 2045 1764 2077 Jesu
1785 2045 1893 2069 Christi
1917 2045 1959 2074 ΑἾ
1984 2045 2072 2074 Mum,
2098 2045 2144 2069 Cr.
2168 2057 2199 2061 —

367 2089 406 2113 16.
426 2097 474 2122 per
496 2089 727 2122 inspiracionem]
747 2090 800 2113 cosi
822 2090 890 2119 ΒΡ.;
911 2097 960 2120 per
982 2090 1124 2121 spiramen
1143 2089 1186 2118 A.‚
1211 2089 1298 2117 Mun„
1321 2087 1365 2112 Cr.
1390 2101 1400 2106 -
1425 2090 1535 2113 sanctae
1555 2096 1602 2113 om.
1624 2090 1700 2114 Μυκ.
1721 2103 1753 2106 -—
1776 2095 1816 2120 17.
1835 2096 1868 2114 ac
1887 2087 1981 2120 vobis]
2003 2088 2058 2112 cosi
2083 2088 2151 2117 BP.;
2170 2089 2200 2112 at

366 2134 446 2158 nobis
465 2135 513 2163 Aa,
533 2136 560 2158 et
582 2134 664 2158 nobis
685 2135 776 2162 MUR.;
795 2142 828 2158 ae
848 2134 930 2158 nobis
957 2135 1002 2158 Cr.
1024 2146 1034 2150 -
1053 2135 1080 2157 et
1099 2132 1228 2156 omnibus
1252 2132 1366 2164 populis
1385 2132 1453 2157 Chr.
1472 2133 1599 2157 fidelibus
1619 2134 1716 2165 populi
1735 2134 1783 2165 qui
1801 2141 1851 2158 sua
1869 2133 1991 2157 membra
2008 2133 2058 2163 A.3
2077 2133 2106 2156 et
2123 2139 2199 2157 omn.

307 2183 335 2208 15
365 2178 461 2210 populi
482 2177 549 2202 Chr.
568 2178 696 2201 fidelibus
716 2179 763 2210 qui
782 2185 831 2202 sua
851 2186 886 2202 m.
907 2178 1000 2206 Mum
1020 2179 1048 2200 et
1067 2184 1143 2201 omn.
1163 2176 1275 2208 populis
1301 2176 1368 2200 Chr.
1389 2176 1517 2200 fidelibus
1536 2177 1584 2208 qui
1603 2184 1653 2201 sua
1667 2185 1702 2201 m.
1725 2178 1785 2208 Cr.;
1803 2177 1833 2201 in
1852 2178 1905 2202 BP.
1923 2177 1948 2200 si
1966 2177 1998 2200 ha
2018 2178 2045 2200 et
2069 2177 2200 2200 omnibus

365 2222 489 2245 fidelibus
503 2223 613 2253 populis
627 2221 736 2245 Christi
751 2224 795 2253 qui
811 2222 942 2250 membra,
963 2222 1023 2245 eius
1042 2234 1074 2238 —
1098 2221 1185 2251 17-18.
1205 2219 1336 2244 consistis
1362 2220 1495 2252 dignatus
1509 2221 1730 2245 misericorditer
1742 2221 1854 2253 elargiri
1867 2229 1933 2245 sane
1954 2227 2018 2244 cum
2037 2222 2094 2244 stat
2112 2221 2200 2253 ipsius

366 2265 437 2289 alme
451 2266 534 2290 Urbis
549 2266 597 2290 A.:
620 2266 694 2290 Mun.
715 2267 740 2289 le
753 2269 859 2290 omette:
876 2266 923 2295 gli
941 2265 982 2289 ed.
996 2265 1022 2288 di
1038 2265 1083 2289 Cr.
1097 2266 1121 2287 le
1135 2265 1274 2294 riportano
1290 2266 1316 2287 in
1330 2268 1394 2288 nota
1412 2266 1578 2288 exi-vertendo
1591 2266 1634 2287 che
1655 2269 1740 2295 queste
1750 2266 1845 2295 parole
1863 2272 1912 2289 non
1932 2265 2018 2288 donno
2036 2265 2113 2288 aleam
2129 2271 2201 2288 senso

363 2309 413 2333 cosi
435 2317 506 2333 comoe:
524 2317 593 2332 souo.
613 2310 651 2333 Le
671 2310 701 2332 ho
720 2313 834 2334 corrette
853 2318 865 2332 e
884 2310 1040 2338 completate
1052 2309 1121 2332 colla
1139 2311 1228 2331 scorta
1248 2308 1277 2330 di
1295 2308 1346 2331 BP.
1369 2322 1399 2323 j
1423 2308 1461 2331 18.
1481 2310 1534 2331 etc.
1555 2316 1621 2339 agg.
1644 2309 1721 2332 MUR.
1742 2309 1805 2332 vedu·
1822 2310 1901 2332 anche
1914 2312 1976 2332 nota
1989 2315 2009 2338 3
2023 2321 2054 2324 -
2071 2315 2112 2339 19.
2131 2315 2200 2339 quo-

367 2353 451 2377 modo
472 2354 558 2382 Mum,
580 2353 623 2377 Cr.
643 2366 675 2370 —
697 2360 739 2377 20.
759 2361 828 2384 quae
848 2361 898 2377 non
918 2351 930 2375 ἰν
949 2354 976 2376 in
995 2353 1036 2381 A„
1058 2353 1144 2381 Mum,
1167 2352 1211 2375 Cr.
1231 2364 1241 2368 -
1260 2350 1395 2382 placeret]
1415 2359 1484 2376 corr.
1505 2352 1591 2380 Μυκη
1609 2353 1667 2381 (Γῆς
1694 2353 1815 2384 placaret
1834 2353 1865 2376 A.
1885 2365 1918 2369 —
1939 2358 1981 2375 21.
2001 2351 2034 2374 de
2053 2351 2101 2375 tali
2116 2352 2198 2375 novi-

307 2403 340 2420 20
367 2397 436 2427 tate]
456 2396 508 2420 cosi
528 2397 607 2420 anche
626 2398 687 2422 Cr.·.
709 2397 774 2421 talis
793 2398 907 2420 novitas
927 2396 1004 2420 Mun.
1024 2408 1033 2413 -
1052 2397 1219 2426 gracias....
1382 2396 1395 2417 i*
1414 2396 1458 2418 nei
1473 2395 1549 2419 testi:
1570 2395 1660 2427 l’agg.
1681 2395 1694 2418 ὲ
1712 2396 1854 2427 suggerita
1868 2396 1904 2418 da
1917 2395 1968 2418 ΒΡ.
1982 2395 2026 2418 che
2043 2396 2088 2418 lm:
2103 2394 2199 2418 exhor-

365 2442 457 2464 tamur
476 2442 613 2471 quatenus
634 2441 716 2464 novis
735 2441 910 2473 presentibus
932 2439 1082 2463 intellectis
1099 2440 1210 2470 gracias
1229 2438 1353 2462 reddat=s
1372 2439 1512 2462 altissimo
1531 2438 1671 2463 Salvator-i
1690 2446 1722 2462 ac
1740 2441 1869 2463 sanctiss.
1881 2441 1970 2470 apost.
1990 2440 2048 2462 suis

1239 2396 1296 2418 suis
1314 2402 1362 2418 non

453 2548 462 2564 ¹
482 2550 578 2574 Anche
598 2550 619 2573 il
643 2551 701 2574 Clar.
724 2551 790 2579 Est..
811 2557 870 2582 437,
885 2550 1005 2581 portali
1028 2556 1060 2574 ιο
1085 2550 1195 2580 maggio
1210 2557 1257 2580 per

368 2591 387 2615 il
409 2594 486 2615 moto
506 2600 621 2616 romano
642 2600 689 2623 per
710 2593 729 2615 il
750 2593 830 2624 quale
851 2592 922 2616 Coia
942 2593 969 2616 di
990 2592 1098 2616 Rienzo
1116 2599 1208 2616 ascese
1232 2592 1255 2615 al

368 2634 530 2659 tribunatu:
551 2642 594 2658 ina
616 2635 653 2664 su,
674 2633 723 2665 piii
743 2637 935 2663 esattamente,
956 2635 975 2658 il
999 2641 1030 2666 19
1049 2635 1169 2665 maggio.

1313 2554 1360 2577 ulie
1381 2555 1519 2577 commeta
1539 2555 1673 2577 narranda
1692 2554 1813 2584 quomodo
1835 2562 1888 2576 ecc.
1916 2561 1961 2576 era
1980 2553 2202 2584 probabilmente

1313 2600 1428 2626 segnato
1449 2596 1482 2619 da
1502 2603 1538 2619 un
1560 2599 1586 2619 et
1604 2600 1702 2626 cetera,
1723 2603 1799 2619 come
1820 2603 1913 2626 spesso
1935 2597 1978 2619 nei
2004 2596 2137 2619 riassunti
2157 2595 2201 2619 dei

1312 2637 1470 2660 documenti
1494 2639 1634 2668 registi-ati
1658 2638 1700 2660 nei
1718 2638 1797 2660 Mem.
1831 2637 1870 2660 La
1884 2636 2019 2660 eircolare
2032 2637 2204 2660 continuava
2231 2643 2263 2670 35

311 2895 344 2920 30

456 2674 467 2690 ⁴³
486 2676 538 2699 Nel
559 2679 631 2700 testo
652 2677 680 2700 di
700 2679 797 2707 questa
821 2677 921 2700 lettera
944 2677 971 2700 di
1000 2675 1070 2700 Coia
1096 2676 1125 2699 di
1150 2675 1257 2700 Rienzo

369 2718 437 2742 dato
457 2718 492 2742 da
518 2717 548 2742 C.
576 2718 716 2742 Rimmon
736 2726 750 2742 e
776 2719 804 2742 Ρ.
830 2719 914 2747 chR,
940 2720 1134 2751 Briefwechsel
1157 2720 1202 2742 des
1230 2720 1257 2741 C.

369 2761 398 2784 di
408 2761 452 2787 Κ,
463 2760 588 2788 Berlino,
602 2767 676 2791 1912,
688 2760 733 2788 111,
748 2768 776 2792 17
788 2768 855 2793 sgg..
870 2762 893 2784 si
908 2761 987 2792 legge
1001 2768 1083 2784 meno
1096 2761 1165 2784 bene
1179 2761 1258 2783 “An-

372 2802 383 2813 “
398 2802 562 2825 nunciamus
574 2802 656 2826 vobis
669 2803 703 2825 ad
717 2803 851 2834 gaudium
866 2802 970 2826 donum
981 2802 1105 2834 Spiritus
1119 2802 1213 2826 Sancti
1228 2820 1239 2830 „
1253 2811 1257 2829 ;

371 2844 482 2867 lezione
501 2844 557 2867 alla
576 2844 657 2874 quale
677 2844 715 2867 mi
734 2851 784 2876 par
803 2845 837 2867 da
857 2845 991 2876 preferire
1010 2844 1102 2875 quella
1112 2850 1258 2867 conserva-

370 2885 428 2908 taci
447 2885 491 2908 dal
513 2886 612 2908 nostro
632 2886 767 2910 cronista.
790 2893 844 2909 non
866 2887 955 2909 citato
975 2893 1023 2917 per
1043 2886 1139 2916 questa
1158 2886 1258 2909 lettera

372 2927 448 2958 dagli
470 2926 573 2950 editori
594 2927 726 2951 tedeschi.

460 2967 471 2982 ³
490 2969 512 2992 11
534 2971 681 3001 passaggio
702 2969 776 2994 dalla
791 2971 928 2994 citazione
949 2970 1051 2994 diretta
1073 2970 1097 2993 al
1113 2971 1262 2999 tlassunto,

1313 2679 1494 2702 (lescrivendo
1520 2679 1543 2702 lc
1570 2679 1733 2702 condizioni
1762 2680 1870 2702 interne
1896 2678 1969 2702 della
1994 2677 2072 2708 cittii,
2095 2685 2203 2702 annun-

1313 2721 1414 2743 ciando
1435 2720 1623 2743 l’assunzione
1643 2721 1669 2743 di
1692 2720 1761 2743 Cola
1783 2720 1806 2743 al
1835 2720 1988 2747 tribunam,
2014 2720 2164 2743 esortando
2189 2727 2204 2744 a

1313 2762 1443 2785 mandare
1464 2763 1532 2785 aiuti
1556 2763 1582 2785 di
1605 2763 1712 2786 uomini
1729 2769 1742 2785 c
1764 2763 1831 2785 armi
1853 2770 1866 2785 c
1887 2762 1914 2785 la
1929 2764 2161 2793 rappresentanza
2175 2762 2202 2785 di

1313 2804 1364 2826 due
1385 2805 1491 2827 sindaci
1513 2812 1529 2827 0
1551 2805 1744 2827 ambasciatori
1761 2812 1774 2827 c
1794 2804 1820 2827 di
1843 2811 1878 2826 nn
1894 2804 2076 2834 giurispcrito
2090 2804 2117 2827 al
2138 2811 2202 2827 con-

1314 2847 1381 2868 vilio
1401 2847 1435 2869 da
1455 2847 1555 2869 tcnersi
1580 2847 1606 2869 in
1628 2846 1716 2869 Roma
1735 2847 1815 2869 entro
1837 2846 1955 2869 l'ottava
1973 2846 2018 2869 dei
2044 2847 2116 2869 santi
2143 2844 2204 2869 Pie·
2232 2854 2266 2878 40

1313 2889 1357 2910 tro
1377 2896 1390 2910 e
1411 2888 1506 2917 Paolo,
1527 2895 1540 2919 7
1569 2888 1666 2918 luglio,
1692 2890 1785 2918 tempo
1809 2888 1856 2910 che
1885 2889 1912 2910 in
1937 2895 1973 2910 un
1998 2889 2136 2919 poscritto
2158 2894 2205 2911 era

1318 2931 1468 2959 prorogato
1489 2929 1544 2952 alla
1566 2929 1635 2952 festa
1655 2929 1682 2951 (li
1705 2936 1752 2952 san
1774 2929 1868 2952 Pietro
1882 2929 1919 2952 ad
1937 2930 2052 2957 vincula,
2069 2936 2078 2951 1
2096 2931 2202 2961 agosto.

1405 2971 1413 2984 ⁴
1435 2972 1620 2994 L'oniissioue
1639 2969 1653 2994 i:
1674 2972 1870 3002 speciaimente
1889 2972 1963 2994 della
1982 2974 2060 3002 parte
2080 2970 2204 3003 dell’epi-
