2318 3603
796 253 1293 290 FRAGMENTA—MEM.
1327 253 1436 288 POT.
1467 251 1712 287 MUTINAE
1894 256 1976 290 [ΑΛ.
2002 257 2171 290 1211-1215]

431 377 480 396 ἤ*
496 379 501 394 ¹
530 378 563 409 in
587 377 738 419 M⁰.ccxj.
756 378 824 408 Isto
842 382 996 418 tempore
1013 374 1210 408 Fridericus
1227 376 1408 416 imperator
1433 374 1634 406 adolescens
1649 383 1709 405 rex
1727 372 1879 411 Siciliae,
1895 372 1983 404 filius
1998 372 2170 415 quondam

346 431 487 463 Henrici
513 430 730 472 imperatoris
753 436 787 462 et
810 429 950 472 reginae
983 427 1214 460 Constanciae
1239 437 1326 470 quae
1351 426 1416 458 fuit
1439 426 1507 458 filia
1530 426 1676 469 Rogerii
1707 426 1799 468 regis
1823 424 1974 462 Siciliae,
2003 424 2046 456 de
2077 435 2172 456 man-

344 485 424 516 dato
449 483 580 516 domini
604 492 714 525 papae
738 482 938 515 Innocencii
956 481 1000 513 de
1016 480 1227 513 Lombardia
1251 479 1407 511 ascendit
1423 479 1458 510 in
1475 478 1689 510 Alemaniam
1707 478 1938 515 confidentem
1956 487 2055 520 quem
2073 477 2173 508 etiam

346 536 535 578 gratissime
560 536 687 577 placati
710 534 888 576 principes
911 534 1112 566 Alemaniae
1143 538 1378 574 susceperunt,
1411 532 1564 573 exceptis
1595 531 1713 573 paucis
1744 532 1802 572 qui
1833 535 2065 562 remanserunt
2096 539 2172 561 cum

345 589 476 621 Octone
501 590 728 631 imperatore:
753 588 893 620 tandem
917 587 982 629 ipsi
1006 588 1041 618 in
1064 595 1178 628 regem
1203 584 1406 617 Alemaniae
1441 590 1475 615 et
1507 584 1657 615 futurum
1681 584 1923 625 imperatorem
1956 582 2174 614 concorditer
2199 582 2216 612 5

345 642 522 684 elegerunt
536 641 558 673 ².

434 694 653 727 Rolandinus
677 695 721 726 de
745 694 879 726 Rubeis
903 694 946 726 de
970 692 1093 724 Parma
1117 691 1273 723 Potestas
1296 690 1451 722 Mutinae
1482 690 1516 720 in
1547 689 1705 732 M⁰.ccxi]'
1715 689 1737 719 ⁸.
1771 690 1874 721 Dicto
1906 694 2062 730 tempore
2094 686 2179 719 obiit

345 758 461 779 comes
483 747 603 779 Sancti
626 746 800 779 Bonifacii
824 753 858 778 et
880 746 1039 778 Marchio
1071 743 1223 776 Estensis
1253 744 1287 774 in
1319 741 1510 774 Μαι-011134.
1544 741 1646 774 Dicto
1670 747 1825 784 tempore
1849 741 2010 783 apparuit
2033 739 2171 782 quidam

347 810 441 841 puer,
466 800 523 841 qui
547 798 738 831 vocabatur
766 798 943 834 Nicolaus.
968 798 1012 830 de
1038 807 1105 838 quo
1129 797 1221 827 fama
1243 795 1332 826 ultra
1356 794 1458 826 modo
1484 794 1633 831 volabat,
1658 794 1713 835 qui
1739 794 1787 824 ire
1812 792 1962 825 debebat
1978 792 2068 824 ultra
2083 801 2177 822 mare

347 860 379 883 et
403 862 608 894 recuperare
632 852 777 884 Terram
802 857 966 888 sanctam,
991 856 1024 881 et
1047 860 1109 891 pro
1135 860 1176 880 eo
1200 858 1291 879 mare
1315 847 1441 889 aperiri
1465 856 1501 878 se
1525 845 1674 878 debebat
1699 852 1733 877 et
1757 846 1824 878 suis
1847 845 1993 888 pedibus
2017 844 2177 881 transire3

348 915 415 947 qua
438 916 474 937 re
500 904 755 937 innumerabilis
778 914 962 946 puerorum
986 908 1079 934 mota
1103 902 1168 933 fuit
1193 901 1364 943 quantitas
1380 906 1413 930 et
1437 910 1513 931 cum
1539 909 1580 930 eo
1605 909 1639 930 se
1665 899 1816 940 undique
1841 897 2128 940 crucesignabant
2144 902 2179 928 et

349 968 423 989 cum
450 968 490 989 eo
513 958 564 989 ire
588 957 798 990 festinabant
811 956 833 989 ⁵.

436 1009 509 1027 ***⁶
534 1012 569 1042 in
596 1010 776 1054 M⁰.ccxiij.
801 1010 1091 1045 Mediolanenses,
1116 1008 1174 1050 qui
1200 1013 1331 1049 partem
1356 1005 1571 1046 imperatoris
1595 1004 1738 1036 Octonis
1763 1004 1940 1041 fovebant,
1972 1014 2049 1035 cum
2081 1013 2182 1034 exer-

351 1064 419 1095 citu
443 1063 575 1096 infinito
599 1063 760 1104 [iverunt]
784 1073 887 1104 super
904 1061 1101 1094 districtum
1118 1059 1416 1095 Cremonensium3
1434 1057 1556 1100 quibus
1574 1056 1835 1094 Cremonenses,
1852 1057 1910 1099 qui
1927 1056 2173 1088 exaltacionem

352 1117 521 1158 principis
543 1116 713 1148 Friderici
744 1125 874 1147 summo
899 1114 1072 1147 desiderio
1099 1112 1322 1149 affectabant,
1355 1111 1447 1153 apud
1477 1110 1635 1143 Castrum
1666 1110 1821 1142 Leonem
1851 1108 1993 1141 viriliter
2023 1117 2182 1140 occurre-

349 1176 438 1207 runt,
462 1170 672 1211 inceptoque
696 1168 787 1201 bello
810 1169 845 1200 in
870 1167 926 1199 die
951 1167 1175 1199 pentecostes
1197 1165 1478 1197 Mediolanenses
1502 1170 1598 1205 terga
1621 1168 1796 1194 vertentes
1819 1162 1961 1194 militum
1980 1167 2013 1193 et
2028 1161 2183 1203 peditum

350 1223 531 1253 maximam
556 1222 781 1264 quantitatem
805 1221 903 1253 simul
927 1231 1004 1252 cum
1030 1219 1168 1251 carocio
1193 1217 1402 1250 amiserunt:
1434 1226 1477 1248 ex
1507 1215 1567 1247 illo
1597 1216 1712 1257 itaque
1737 1221 1891 1256 ternpore
1922 1214 2016 1246 fama
2040 1212 2181 1245 Cremo-

352 1275 507 1307 nensium
532 1282 583 1307 est
605 1285 666 1316 per
690 1274 837 1316 populos
860 1273 1047 1315 divulgata,
1072 1272 1180 1303 virtus
1204 1271 1305 1302 etiam
1331 1280 1446 1301 eorum
1473 1274 1524 1300 est
1547 1274 1657 1305 aucta,
1689 1268 1773 1299 tanti
1803 1267 1965 1308 triumphi
1996 1266 2184 1308 praeconio

351 1335 402 1360 est
427 1335 460 1360 et
483 1329 549 1360 fuit
573 1339 673 1370 quam
697 1327 880 1368 plurimum
907 1331 1125 1368 augmentata
1138 1324 1160 1356 ⁷.

438 1380 513 1399 *³³²⁸
538 1382 572 1412 in
596 1381 759 1413 M‘'.ccxv.
785 1379 1003 1412 Celebratum
1028 1378 1095 1410 fuit
1125 1378 1260 1409 Romae
1278 1376 1461 1408 concilium
1479 1374 1641 1418 generale
1658 1374 1691 1405 in
1716 1374 1888 1405 Laterano
1915 1373 1956 1405 ab
1981 1371 2183 1404 Innocentio
2209 1372 2249 1401 2⁰

359 1445 448 1476 papa
473 1435 592 1472 tercio,
616 1436 652 1466 in
676 1445 743 1477 qua
765 1434 906 1465 fuerunt
929 1431 1070 1473 ccccxij.
1095 1430 1262 1472 episcopi,
1286 1429 1372 1461 inter
1397 1438 1481 1470 quos
1512 1427 1651 1459 fuerunt
1682 1427 1726 1458 de
1756 1425 1968 1468 principibus
1998 1424 2187 1468 patriarchi

354 1487 754 1529 Constantinopolitanus
779 1491 813 1517 et
836 1484 1142 1528 Jerosolimitanus‚
1167 1483 1296 1514 coeteri
1322 1482 1440 1513 abates
1463 1487 1496 1513 et
1521 1479 1654 1522 priores
1676 1479 1765 1511 ultra
1797 1480 1896 1512 dccc.
1923 1485 1957 1511 et
1979 1478 2083 1521 legati
2107 1487 2190 1509 vero

356 1540 447 1583 regis
470 1539 624 1576 Siciliae,
648 1538 740 1581 regis
763 1538 923 1579 Angliae,
946 1536 1039 1579 regis
1061 1536 1248 1578 Ungariae‚
1272 1535 1365 1578 regis
1395 1533 1597 1576 Jerusalem,
1629 1532 1719 1574 regis
1749 1532 1857 1573 Cipri,
1888 1531 1978 1574 regis
2006 1530 2189 1573 Aragonae

360 1604 422 1626 nec
446 1604 515 1625 non
539 1593 680 1624 aliorum
696 1591 906 1634 principum,
930 1594 1125 1632 magnatum
1150 1594 1186 1620 et
1208 1588 1349 1620 aliarum
1372 1586 1524 1629 gentium
1551 1586 1650 1617 affuit
1673 1584 1856 1617 multitudo
1870 1584 1891 1616 ⁹.
1916 1584 2021 1616 Dicto
2037 1590 2190 1625 tempore

357 1652 492 1679 sanctus
516 1645 718 1678 Franciscus
734 1650 769 1676 et
784 1649 922 1676 sanctus
937 1642 1140 1675 Dominicus
1162 1641 1366 1683 praedicare
1382 1640 1585 1681 inceperunt
1600 1638 1635 1670 ¹⁰.
1659 1638 1760 1670 Dicto
1777 1637 1891 1679 [anno]
1908 1636 1951 1669 de
1968 1647 2083 1669 mense
2099 1641 2196 1668 octo·
2218 1634 2259 1666 25

357 1699 427 1730 bris
449 1698 603 1731 Paduani
638 1697 840 1730 obsiderunt
862 1696 983 1728 turrim
1007 1694 1114 1726 Baibe
1138 1694 1214 1734 [set]
1239 1693 1502 1735 superveniente
1538 1691 1767 1723 inundacione
1798 1690 1989 1732 pluviarum
2020 1688 2197 1722 obsidione

359 1752 507 1784 demissa
531 1751 671 1783 fuerunt
695 1749 862 1792 compulsi
885 1748 1012 1790 ubique
1035 1758 1055 1778 a
1078 1746 1225 1779 Venetis
1249 1746 1306 1787 [et]
1330 1746 1492 1777 iacturam
1518 1745 1550 1775 in
1575 1744 1677 1776 rebus
1694 1750 1728 1775 et
1744 1743 1902 1785 personis
1926 1752 1996 1774 non
2026 1741 2197 1774 modicam

361 1810 438 1836 sunt
463 1804 626 1846 perpensi
641 1803 676 1835 ²¹.

2195 842 2216 874 “l
2223 845 2242 874 O

2211 1107 2246 1138 15

440 1933 458 1948 1.
488 1927 514 1948 in
540 1931 604 1956 13¹²
627 1926 681 1948 isto
701 1926 827 1955 tempore
847 1922 869 1945 A
891 1935 901 1939 -
923 1922 1106 1945 Fedricus...
1128 1921 1291 1944 adolescens
1318 1920 1341 1942 A
1369 1932 1398 1935 —
1426 1926 1469 1950 3-4
1496 1919 1525 1942 in
1551 1917 1614 1950 [per
1642 1919 1702 1941 chr.
1732 1916 1799 1948 Est]
1826 1916 2012 1940 lombardiam
2039 1915 2150 1940 asendit
2168 1915 2197 1939 in

363 1971 529 1994 alemaniam
552 1969 723 1993 confidenter
743 1975 795 1999 que
814 1969 899 1991 etiam
920 1967 1081 1998 pratiss.mo
1101 1965 1207 1996 placati
1227 1963 1317 1996 [quem
1338 1965 1377 1987 ita
1391 1963 1551 1995 gratissime
1570 1962 1675 1994 prelati
1689 1964 1716 1985 et
1732 1961 1795 1985 chr.
1813 1959 1884 1993 Est]
1905 1960 2047 1993 principes
2060 1959 2198 1984 alemanie

364 2017 527 2046 suseperunt
541 2017 568 2038 et
582 2013 629 2044 qui
643 2011 730 2045 [quod
753 2012 812 2036 Chr.
839 2010 906 2042 Est]
927 2011 1023 2043 paucis
1045 2010 1237 2033 remanserunt
1256 2008 1279 2031 A
1301 2021 1333 2024 —
1353 2016 1375 2039 5.
1396 2008 1488 2039 ipsum
1512 2008 1571 2030 Chr.
1594 2007 1651 2030 Esl.
1670 2019 1703 2023 —
1722 2005 1746 2029 6.
1767 2005 1922 2036 ellegerunt
1941 2004 1964 2027 A
1986 2018 2017 2020 —
2037 2010 2060 2036 7.
2081 2004 2110 2027 in
2134 2009 2197 2027 1212

362 2059 384 2081 A
406 2072 438 2076 —
458 2057 482 2082 8.
502 2057 582 2082 Santi
602 2058 625 2081 A
645 2071 653 2074 -
673 2064 748 2088 apar.
768 2056 790 2079 Α
813 2069 843 2072 -
866 2061 904 2078 1ο.
925 2055 1018 2086 aprini
1042 2054 1064 2077 Α
1085 2066 1094 2070 -
1114 2054 1196 2077 Forse
1217 2054 1229 2076 ὲ
1249 2053 1283 2075 da
1304 2053 1337 2075 L:
1351 2053 1382 2075 ut
1396 2052 1454 2074 suis
1469 2049 1584 2082 pedibus
1604 2050 1735 2073 transiret
1754 2062 1785 2066 —
1808 2055 1845 2072 11.
1862 2047 2095 2072 inumerabilesA
2111 2060 2142 2064 —
2159 2053 2199 2078 13.

324 2112 335 2134 3
368 2105 397 2126 in
421 2109 485 2135 1313
501 2103 524 2125 Α
540 2115 548 2119 -
564 2110 581 2134 p
601 2103 732 2129 (collstzsm
753 2101 886 2131 ίιιὲἰιὶιτιι]
900 2100 1006 2130 partem
1027 2099 1077 2126 ,λς
1093 2098 1141 2128 qui
1154 2098 1262 2129 partem
1279 2096 1339 2121 chr.
1354 2096 1412 2120 Esl.
1429 2110 1457 2111 n.
1478 2102 1516 2126 14.
1532 2096 1673 2118 irruerunt
1690 2094 1749 2117 Chr.
1765 2094 1822 2117 Est.
1837 2106 1847 2110 —
1862 2093 1910 2123 qui
1924 2090 2138 2122 exaltationem]
2152 2091 2201 2116 cos)

308 2332 338 2348 10

312 2798 343 2814 ΖΟ

314 3004 343 3024 23

366 2147 425 2170 Chr.
446 2148 518 2172 Est.:
534 2154 593 2170 cum
609 2146 789 2169 exultacione
803 2145 825 2167 A
842 2158 871 2161 ν-
891 2150 928 2174 15.
944 2142 1055 2166 Fedrici
1069 2149 1148 2165 sumo
1162 2141 1219 2165 des.
1236 2140 1384 2164 affetabant
1399 2141 1423 2163 A
1438 2152 1465 2156 -ὴ
1487 2138 1571 2169 15—16.
1587 2145 1706 2162 occur-ein
1721 2138 1744 2161 A
1760 2151 1789 2154 —
1808 2145 1846 2168 17.
1861 2137 1981 2160 maxima
1997 2137 2155 2167 quantitate
2167 2135 2201 2163 A;

366 2199 421 2215 non
443 2191 583 2215 modicam
604 2190 791 2221 quantitatem
815 2189 876 2214 Chr.
901 2189 955 2211 Esl.
976 2200 1007 2204 —
1030 2185 1068 2210 18.
1089 2186 1187 2209 triunfi
1206 2186 1255 2210 A:
1278 2184 1423 2216 triumphy
1445 2185 1505 2207 Chr.
1526 2184 1584 2207 Est.
1600 2197 1629 2199 w<
1656 2190 1692 2214 19.
1707 2183 1734 2206 et
1753 2188 1834 2212 quam
1856 2181 1926 2213 plur.
1947 2190 1993 2204 am.
2017 2179 2077 2204 Chr.
2099 2180 2155 2204 Est.
2169 2192 2202 2197 —

366 2244 407 2260 20.
420 2238 449 2260 in
462 2242 527 2267 1315
540 2236 564 2258 A
580 2248 610 2252 —
623 2242 662 2258 21.
676 2240 725 2265 μ’).
740 2235 867 2266 episcopi
880 2233 904 2255 A
915 2244 947 2248 —
961 2237 1047 2254 2122.
1063 2230 1234 2262 patriarchis
1248 2227 1574 2258 constantinopolitanis
1587 2229 1613 2251 et
1629 2226 1870 2250 ierosolomitanis
1884 2225 2000 2249 ceteror'
2013 2225 2037 2248 A
2051 2237 2082 2241 —
2097 2230 2138 2248 22.
2152 2222 2204 2247 800

365 2282 393 2305 et
413 2280 530 2312 legator*
550 2279 575 2303 A
596 2293 625 2295 ἣν
649 2285 690 2308 23.
711 2279 782 2310 regis
803 2278 874 2309 apri,
896 2277 968 2307 regis
988 2282 1141 2306 aragonum
1163 2275 1185 2297 Α
1201 2287 1232 2290 Α
1248 2278 1279 2304 24
1303 2272 1384 2296 alior’
1398 2273 1524 2304 gentium
1540 2272 1562 2295 Λ
1586 2285 1617 2289 -
1638 2269 1678 2294 26.
1699 2271 1784 2293 turim
1806 2270 1914 2293 baibor'
1934 2275 2025 2300 super.
2045 2268 2084 2298 A}
2104 2268 2205 2292 turrim

366 2325 457 2355 Baybe
471 2324 649 2348 obsiderunt:
666 2324 706 2345 set
719 2328 809 2354 super.
824 2321 884 2343 Chr.
905 2321 958 2343 Est.
972 2333 1002 2337 —
1016 2325 1055 2350 27.
1068 2319 1210 2342 dimittere
1224 2320 1290 2341 sunt
1304 2323 1402 2348 comp,
1418 2317 1512 2346 ibique
1529 2317 1663 2339 iacturam
1680 2315 1740 2339 Chr.
1756 2315 1813 2338 Est.
1830 2327 1859 2331 -—
1876 2312 1916 2336 28Δ
1932 2313 2054 2344 perpessi
2072 2311 2132 2336 Chr.
2147 2312 2205 2336 Est.

454 2411 461 2426 ¹
482 2412 581 2435 Manca
605 2412 623 2434 il
646 2418 727 2434 nome
748 2410 790 2434 del
811 2406 927 2442 podesta
948 2408 991 2431 del
1023 2414 1100 2431 1211:
1128 2407 1161 2429 cs.
1184 2414 1208 2437 p.
1235 2414 1259 2435 9,

368 2457 433 2477 nola
456 2461 469 2483 4
489 2461 503 2476 e
525 2459 537 2483 5
559 2453 602 2475 del
625 2453 686 2476 Chr.
706 2451 751 2474 del
773 2451 908 2474 Bazzano.

454 2493 464 2509 ‘²
484 2495 572 2519 Tutto
601 2495 699 2524 questo
729 2500 811 2524 passo
840 2491 881 2523 111.
913 2490 951 2514 1-6
982 2492 1085 2514 Isto...

367 2536 379 2561 *c
402 2538 527 2569 ripetuto
548 2537 593 2559 nel
617 2537 677 2560 Chr.
699 2536 767 2560 Est..
789 2542 813 2565 p.
836 2533 860 2560 8,
881 2533 910 2557 ll.
934 2539 1021 2563 14-19.

455 2577 466 2594 ³
484 2577 561 2602 Sulla
581 2576 743 2609 podesteria
765 2576 809 2599 del
830 2575 914 2598 Rossi
936 2575 958 2598 si
980 2574 1048 2597 veda
1065 2573 1127 2596 Chr.
1147 2573 1174 2595 di
1196 2570 1261 2595 Gio.

370 2625 403 2643 ‹ia
424 2620 564 2649 Bazzano,
583 2626 610 2651 p.
633 2625 671 2648 10,
693 2620 761 2641 nota
781 2624 806 2648 3.

456 2660 507 2684 411
531 2661 591 2684 cnr.
616 2661 682 2685 Est..
704 2667 730 2690 p.
750 2658 774 2683 S.
794 2659 825 2682 11.
849 2664 935 2682 21222.

372 2705 462 2733 morti,
484 2711 527 2726 ina
549 2710 600 2725 con
622 2703 694 2725 altre
716 2702 821 2732 parole.

1115 2488 1260 2520 elegerunt]

959 2658 1076 2687 registra
1098 2658 1192 2686 queste
1213 2656 1264 2679 due

457 2745 468 2759 ³³
487 2745 522 2768 Di
543 2747 639 2775 questa
660 2750 806 2774 compassa
828 2742 871 2765 dcl
897 2741 1037 2764 sam-lullo
1054 2740 1171 2768 Niceola
1187 2738 1263 2762 nulla

373 2788 495 2811 raccolse
514 2787 535 2810 il
559 2787 620 2810 Chr.
643 2786 702 2809 Est.

458 2826 468 2842 5
486 2827 587 2851 Manca
607 2827 628 2850 il
650 2834 731 2849 nome
752 2825 796 2849 del
819 2821 932 2856 podestii
954 2824 999 2847 del
1026 2830 1099 2854 1:13,
1121 2822 1161 2845 sul
1183 2822 1265 2851 quale

372 2871 395 2894 si
416 2871 486 2894 veda
507 2870 570 2893 Chr.
592 2868 635 2892 del
656 2868 783 2890 Bazznno
804 2873 817 2889 a
839 2874 865 2898 p.
890 2873 929 2891 ιω,
952 2868 1018 2889 nota
1040 2864 1064 2888 6.

460 2911 469 2925 7
490 2911 578 2935 Tutto
598 2914 695 2940 questo
724 2916 805 2941 passo
832 2906 874 2939 [11.
904 2914 981 2939 13-19
1007 2906 1266 2930 Mediolanenses...

373 2953 557 2986 augmentata]
582 2951 605 2981 c,
635 2952 714 2975 salvo
744 2952 859 2974 minime
886 2949 1040 2973 differenze.
1067 2949 1192 2980 ripetuto
1222 2948 1266 2970 nel

376 2997 436 3020 Chr.
463 2996 527 3023 Est..
550 3003 573 3025 p.
595 2992 618 3019 S.
644 2994 673 3017 11.
695 2999 779 3023 27-33.
818 2990 855 3015 La
877 2991 1013 3021 battnglia
1040 2989 1068 3013 di
1090 2989 1268 3013 Castelleone

1313 2412 1474 2428 ‹·re1nonese
1485 2404 1513 2427 su
1531 2405 1555 2427 la
1571 2404 1719 2427 domcniea
1736 2409 1748 2425 2
1762 2403 1869 2433 giugno
1881 2401 1928 2431 (cf.
1943 2402 2003 2425 Chr.
2016 2400 2117 2430 Pam„
2132 2407 2157 2431 p.
2170 2390 2193 2424 8'.

1316 2447 1345 2470 1¹-
1370 2445 1486 2478 133-35)-

1401 2486 1412 2503 ὅ
1432 2487 1573 2511 Mancano
1593 2488 1599 2510 i
1624 2487 1699 2510 nomi
1722 2485 1765 2509 dei
1787 2483 1904 2516 podesta
1924 2484 1966 2508 del
1997 2490 2063 2513 1214
2090 2492 2102 2507 e
2126 2487 2209 2513 12153

1316 2532 1357 2553 sui
1380 2530 1456 2560 quali
1479 2530 1514 2553 cs.
1537 2527 1600 2552 chr.
1620 2529 1663 2552 del
1685 2528 1821 2552 Bazzano.
1842 2535 1866 2558 p.
1891 2533 1929 2552 11,
1951 2527 2017 2550 note
2038 2533 2052 2557 3
2072 2533 2085 2549 e
2106 2532 2129 2557 7.

1403 2570 1414 2586 ⁹
1434 2571 1486 2595 Nel
1507 2571 1569 2595 Chr.
1593 2571 1658 2599 ΕΜ,
1681 2577 1706 2601 p.
1721 2577 1745 2601 9,
1760 2569 1790 2592 11.
1806 2573 1896 2599 25-27,
1911 2567 1925 2591 ὲ
1940 2575 1976 2591 un
1991 2568 2074 2591 breve
2088 2574 2210 2590 accenno

1317 2615 1342 2637 al
1363 2615 1464 2645 quarto
1483 2613 1610 2637 concilio
1632 2613 1815 2638 lateranense,
1835 2618 1880 2634 ma
1899 2617 1979 2634 senza
2008 2610 2017 2633 i
2044 2609 2209 2640 particolar-i

1317 2656 1366 2679 che
1386 2663 1401 2679 a
1420 2655 1483 2687 quel
1504 2654 1620 2678 tardivo
1640 2653 1828 2685 compilatore
1848 2649 1899 2684 pin
1921 2659 1977 2674 non
1999 2653 2144 2682 potevano
2171 2651 2211 2673 in-

1319 2702 1462 2721 tei-assare.

1406 2738 1427 2753 ¹⁰
1448 2738 1546 2762 Invece
1566 2737 1593 2761 di
1614 2738 1711 2767 questa
1733 2735 1865 2766 semplire
1888 2735 2004 2758 notizia.
2024 2735 2074 2758 che
2088 2734 2122 2757 ha
2136 2733 2212 2757 tutto

1321 2781 1339 2803 il
1361 2782 1498 2803 carattere
1518 2780 1544 2802 di
1567 2778 1725 2810 primitiva,
1747 2777 1766 2799 il
1791 2777 1852 2800 Chr.
1875 2776 1940 2802 Est..
1958 2784 1983 2808 p.
2004 2784 2027 2807 9.
2050 2776 2067 2799 l.
2082 2774 2156 2808 28-p.
2172 2781 2213 2799 10.
2244 2784 2273 2805 π,

1320 2823 1337 2845 1.
1357 2829 1381 2853 9,
1403 2822 1435 2844 ha
1457 2828 1540 2853 sopra
1559 2828 1607 2844 san
1625 2819 1779 2843 Francesco
1793 2826 1807 2842 e
1821 2825 1869 2841 san
1886 2818 2044 2841 Domenico
2060 2823 2115 2840 una
2128 2816 2213 2846 lunga

1321 2863 1547 2895 amplifivazione
1567 2861 1697 2885 retorica.

1412 2903 1429 2919 ¹¹
1443 2904 1465 2927 ΙΙ
1482 2910 1563 2935 passo
1578 2902 1620 2933 [11.
1637 2901 1716 2932 ἰς-25
1728 2911 1732 2925 ;
1746 2902 1824 2925 Dicto
1834 2919 1840 2925 .
1853 2918 1859 2924 .
1871 2917 1876 2924 .
1888 2900 2021 2931 perpensi]
2036 2899 2213 2924 sun'assedio

1323 2947 1350 2970 di
1372 2947 1472 2976 Bewaa,
1494 2945 1635 2969 fortilizio
1654 2951 1669 2967 a
1691 2942 1814 2967 mezzodl
1835 2943 1864 2966 di
1885 2941 2038 2974 Chioggia‚
2057 2943 2080 2965 si
2107 2942 2213 2965 ritrova

1324 2988 1402 3019 quasi
1422 2995 1475 3011 con
1496 2988 1522 3011 le
1542 2989 1624 3010 stesse
1644 2985 1741 3018 parole
1756 2985 1799 3008 nel
1817 2985 1875 3008 Chr.
1898 2984 1964 3012 Est„
1986 2991 2010 3014 p.
2031 2990 2055 3014 9,
2075 2983 2104 3006 11.
2128 2980 2213 3013 18·19.

2239 2577 2272 2602 30
