2318 3603
230 1314 258 1338 15

228 1527 260 1544 20

227 1944 259 1968 30

226 2155 256 2180 33

226 2365 260 2388 40

225 2575 257 2600 45

228 2781 261 2806 50

229 2992 259 3017 55

877 244 1190 280 CHRONICON
1221 245 1528 281 MUTINENSE
1949 252 2000 286 [A.
2021 253 2113 286 13:32]

289 317 2084 327 ......................................................................................................................................................................................................
2085 320 2103 328 η

288 363 516 394 castrametati
533 368 611 394 sunt
628 372 705 393 cum
729 362 797 393 suis
819 362 977 405 gentibus
1001 363 1045 393 ad
1070 363 1210 395 Pontem
1237 363 1304 404 [de]
1333 362 1538 406 Aqualonga
1566 370 1599 396 et
1623 364 1667 396 ad
1685 363 1846 396 Sanctam
1863 364 2068 396 Trinitatem
2086 371 2120 396 et

286 414 331 444 ad
356 413 516 444 Sanctam
534 412 755 444 Chaterinam
778 412 940 444 suburbia
971 413 1126 444 Mutinae
1143 418 1176 444 et
1194 413 1344 455 undique
1362 424 1464 455 super
1480 415 1604 446 flumen
1622 414 1751 447 Situlae
1768 420 1801 445 et
1818 415 1946 446 canale.
1993 415 2037 447 Et
2061 415 2118 447 die

286 463 385 494 lunae
409 475 430 493 v
453 462 602 494 octobris
619 462 887 503 [occupaverunt
904 463 1013 494 locum
1032 463 1208 494 Trinitatis
1226 468 1260 494 et
1284 463 1432 495 Sanctae
1448 464 1669 505 Chaterinae]
1687 462 1736 480 ***
1761 464 1817 504 [Et
1839 464 1893 495 die
1916 464 2026 496 sabati
2049 464 2117 506 xvij

286 512 447 552 octobris]
464 518 671 554 acceperunt
685 514 693 530 ¹
709 518 853 544 castrum
878 513 1048 555 Dinacani
1073 513 1244 545 districtus
1268 513 1371 556 Regii
1389 520 1421 545 et
1439 515 1494 546 die
1520 515 1617 546 lunae
1634 515 1728 558 xviiij
1747 514 1896 546 octobris
1911 521 2120 556 acceperunt

287 565 405 597 turrim
434 565 552 596 Sancti
574 565 711 608 Lacari‚
736 565 931 606 splanantes
955 572 988 598 et
1013 566 1203 609 equitantes
1227 564 1353 597 circum
1379 567 1505 607 circam
1533 568 1705 599 civitatem
1729 567 1882 600 Mutinae
1897 566 1982 599 ².***

378 684 400 701 1.
414 676 446 700 de
460 684 508 700 om.
522 676 564 706 A„
578 676 664 705 Mun„
680 676 739 705 Cr.3
754 674 767 699 ὲ
781 675 848 707 perci
861 677 889 700 in
902 677 943 701 M.
959 690 990 694 -—
1007 683 1029 700 2.
1046 675 1190 707 suburbia]
1211 676 1259 700 cosi
1274 677 1359 704 Mum,
1377 677 1437 706 Cr.3
1451 677 1583 701 suburbio
1596 678 1627 701 A.
1645 692 1673 695 —
1690 683 1742 708 3⁶4·
1757 679 2025 709 occupaverunt....
2045 676 2116 701 cha-

289 721 394 745 terinae
419 728 432 743 e
453 721 489 743 Et
507 719 612 745 die....
633 719 769 750 octobris]
796 720 936 751 aggiungo
959 723 1009 750 per
1027 721 1189 751 completura
1207 727 1253 743 con
1276 721 1303 743 la
1322 724 1410 744 scorta
1433 721 1462 743 <li
1483 721 1518 744 M.
1539 722 1568 744 la
1579 721 1636 751 fine
1655 722 1688 744 ed
1704 722 1727 744 il
1738 721 1876 752 principio
1895 722 1938 744 clei
1951 722 1998 745 due
2011 720 2121 751 periodi

278 766 334 797 sra
352 765 366 788 i
381 765 455 795 quali
473 761 497 794 (ὲ
515 765 549 787 da
570 764 673 795 notare)
693 764 717 787 il
732 764 834 794 copista
848 764 911 787 ‹iiA
927 765 959 787 lm
978 765 1089 788 lnsciato
1109 772 1160 787 una
1179 765 1275 788 lacuna
1288 765 1360 788 nella
1379 765 1454 795 quale
1474 772 1551 788 erano
1571 769 1728 794 raccontate,
1741 773 1809 789 come
1822 769 1924 796 appare
1937 765 1986 791 dal
1996 768 2062 789 testo
2076 764 2122 788 del

285 810 326 832 M.
346 809 418 839 (vedi
434 812 495 832 nola
512 807 544 838 1),
564 808 588 831 le
606 808 695 831 azioni
713 807 887 832 dell’esercito
901 809 931 832 αι’
948 809 1030 831 dauni
1049 808 1078 831 di
1096 808 1212 831 Modcna
1235 808 1284 831 dal
1300 816 1315 835 5
1334 808 1365 831 al
1380 814 1412 837 17
1430 808 1529 832 ottobre
1548 822 1579 826 —
1601 813 1624 839 5.
1644 809 1740 833 Lazari
1759 810 1896 841 spalentes
1915 809 1943 832 et
1961 809 2119 840 equitantes

287 853 392 875 extram
413 859 489 876 aram
507 852 561 875 civ.
583 851 691 875 Mutine
711 851 758 880 Aa,
773 852 872 876 Lazari
886 852 1010 884 spalente
1030 854 1057 874 et
1079 851 1235 882 equitantes
1256 855 1332 875 extra
1346 858 1424 875 aram
1443 852 1495 875 civ.
1517 851 1647 877 Mutinae
1667 854 1727 882 Cr.;
1742 852 1841 876 Lazari
1860 853 2020 884 equitantes
2038 853 2118 876 extra

286 903 362 920 aram
386 897 440 919 civ.
462 896 554 924 Mum}
581 896 611 919 110
631 898 730 919 tentato
759 896 789 919 di
805 903 966 927 correggere
995 895 1103 918 tenendo
1131 898 1199 919 sotto
1213 896 1261 925 gli
1288 895 1360 918 occlti
1377 895 1399 917 il
1408 899 1490 924 passo
1518 896 1629 926 corrisp.
1650 896 1694 919 del
1716 896 1757 921 M.
1785 896 1827 921 che
1852 896 1925 920 dice.-
1952 897 2119 928 aeceperunt

286 941 385 963 turrim
404 939 501 964 Sancti
520 939 618 963 Lazari
638 941 665 963 ct
686 939 729 962 his
749 939 845 963 diebus
874 939 999 963 fecerunt
1018 939 1161 971 splanatas
1187 939 1288 962 circum
1309 939 1396 962 circas
1416 945 1430 962 a
1450 939 1536 963 latere
1563 939 1596 963 de
1615 946 1675 963 sero
1696 940 1743 968 ita,
1762 940 1837 971 quod
1864 940 2029 970 equitabant
2055 939 2119 963 inde

285 983 407 1015 undique
425 984 528 1007 circum
547 984 634 1007 circas
652 996 663 1000 -
684 982 822 1014 Mutinae]
842 990 858 1006 a
877 987 962 1013 questo
977 986 1061 1012 punto
1081 982 1206 1006 comincia
1225 982 1250 1004 in
1268 983 1301 1005 Α.
1321 989 1372 1006 una
1387 983 1498 1014 grande
1519 984 1622 1012 lacuna,
1640 984 1703 1007 anzi
1719 992 1770 1008 unu
1789 984 1859 1007 serie
1877 984 1904 1007 di
1917 984 2015 1012 lucane,
2034 984 2079 1010 (he
2097 983 2123 1006 st·

283 1028 419 1052 estendono
431 1028 489 1059 firm
509 1027 541 1051 al
551 1027 687 1057 principio
706 1026 839 1051 ‹lell'armo
858 1028 923 1054 13³⁶
941 1027 978 1057 (p.
1000 1033 1046 1057 113
1066 1027 1083 1049 l.
1098 1026 1129 1057 3)
1149 1034 1161 1048 e
1181 1025 1219 1049 ad
1235 1033 1382 1050 accrescere
1400 1027 1423 1049 il
1439 1027 1574 1051 disordine
1592 1027 1616 1050 si
1634 1027 1772 1058 aggiunge
1791 1027 1834 1050 clte
1847 1028 1896 1051 due
1909 1028 1954 1051 dei
1957 1027 2121 1059 frammenti

254 1082 259 1093 ι
290 1072 335 1094 clm
352 1079 412 1095 sono
431 1072 537 1095 rimasti
553 1078 622 1095 come
641 1071 750 1101 reliquie
769 1071 841 1094 della
860 1072 954 1094 lacuna
972 1078 1032 1094 sono
1045 1071 1072 1093 in
1085 1070 1118 1093 A.
1133 1070 1258 1101 pospostl
1272 1069 1432 1094 nell’ordz'ne
1444 1071 1487 1094 che
1501 1070 1637 1095 dovevono
1652 1079 1743 1101 avere3
1757 1080 1769 1094 e
1783 1070 1837 1095 cio}
1849 1073 1861 1094 ι’
1873 1072 1922 1095 due
1935 1071 2048 1103 pas-sip.
2061 1078 2118 1099 111,

287 1118 305 1140 l.
320 1123 340 1146 3
358 1129 365 1132 -
380 1120 409 1146 p.
427 1123 484 1145 112,
506 1117 522 1138 l.
543 1120 559 1144 9
578 1116 656 1139 Tunc
676 1115 721 1139 die
739 1115 909 1140 veneris....
931 1114 1134 1146 dirupaverunt
1154 1122 1166 1136 e
1180 1117 1208 1143 p.
1229 1120 1284 1143 112,
1307 1114 1325 1137 l.
1344 1120 1373 1137 to
1393 1127 1400 1130 -
1416 1118 1444 1144 p.
1465 1121 1522 1145 113,
1542 1115 1558 1138 l.
1578 1122 1607 1138 2:
1624 1115 1702 1139 Tunc
1727 1115 1770 1139 die
1789 1116 1938 1140 sabati....
1958 1115 2120 1147 Apuleaesi

283 1163 395 1184 travano
414 1160 441 1183 in
460 1160 493 1182 A.
513 1159 624 1189 disposti
643 1160 670 1182 iu
688 1159 781 1183 ordine
799 1159 904 1183 inverso
924 1167 939 1181 a
959 1159 1043 1188 quello
1062 1159 1089 1180 in
1108 1158 1151 1182 cui
1167 1158 1212 1182 noi
1230 1158 1252 1181 li
1272 1158 1388 1182 abbiamo
1408 1159 1536 1189 stampati
1542 1167 1549 1184 ι
1563 1159 1588 1182 il
1592 1163 1680 1190 passo,
1694 1159 1757 1189 ειόὸ,
1771 1160 1814 1184 clm
1833 1167 1916 1184 narra
1930 1160 1974 1183 dei
1984 1160 2059 1191 fatti
2076 1159 2122 1182 del

283 1204 387 1227 secondo
407 1206 526 1226 semestre
544 1210 610 1232 1354
628 1211 641 1226 ε
665 1203 710 1227 del
718 1203 845 1234 sebbraio
864 1210 928 1230 1³35
948 1203 978 1226 vi
992 1202 1103 1232 precede
1122 1201 1216 1225 l’altro
1241 1201 1286 1225 che
1303 1202 1417 1226 contiene
1435 1203 1530 1227 notizie
1549 1203 1595 1226 del
1610 1211 1698 1228 marzo
1719 1210 1789 1233 1³34·
1811 1204 1950 1228 Crediamo
1969 1203 2034 1228 utile
2052 1203 2119 1227 nelle

285 1251 341 1271 nole
360 1247 497 1278 riporlarc
515 1248 527 1269 i
549 1246 628 1270 bram'
645 1246 676 1269 di
692 1246 732 1270 M.
752 1246 964 1277 corrispondenti
981 1255 996 1269 a
1015 1246 1136 1270 ciascuna
1151 1246 1247 1270 lacuna

376 1307 382 1323 ¹
406 1309 426 1331 ss
447 1309 584 1331 inarchese
604 1307 727 1331 Rinaldo
748 1308 840 1331 d’Este
860 1316 911 1331 con
932 1308 971 1339 gli
1001 1309 1069 1331 aiuti
1101 1307 1174 1338 degli

287 1352 420 1383 Scaligeri
441 1359 454 1375 e
468 1352 511 1375 dei
530 1351 664 1383 Gonzaga
678 1359 723 1375 era
739 1353 842 1375 venuto
857 1354 955 1374 contro
976 1350 1096 1373 Modena
1112 1351 1173 1373 sino

288 1394 358 1424 (1:113
371 1394 490 1422 ottobre,
505 1401 518 1416 e
533 1393 694 1424 occupando
709 1394 780 1416 tutte
796 1393 820 1416 le
834 1395 905 1416 terre
919 1392 963 1415 del
979 1392 1111 1415 suburbio
1126 1394 1176 1414 set-

287 1436 456 1459 tentrionale
470 1435 515 1459 dal
531 1435 619 1458 Ponte
634 1436 721 1458 stesso
737 1442 818 1465 sopra
833 1434 859 1458 la
878 1434 991 1458 Secchia
1006 1433 1065 1463 (cfr.
1078 1440 1104 1465 p.
1119 1440 1175 1464 109,

286 1477 305 1501 l.
316 1484 329 1500 2
342 1491 349 1494 -
361 1485 386 1510 p.
399 1484 456 1505 110,
468 1477 486 1501 l.
501 1476 527 1507 2)
539 1478 601 1500 sino
611 1477 645 1500 ad
658 1477 800 1507 Albareto,
815 1478 836 1500 si
850 1478 999 1507 arcingcva
1014 1485 1027 1500 a
1040 1478 1175 1508 stringere

288 1520 313 1543 la
333 1519 402 1543 citta
423 1521 451 1543 in
472 1527 509 1543 un
529 1519 626 1543 blocco
640 1519 775 1550 generale.

286 1562 403 1585 militari
419 1568 554 1585 mancano
570 1561 613 1585 nel
629 1562 753 1585 cronista
769 1569 817 1592 per
831 1569 885 1585 una
900 1561 1007 1589 lacuna,
1023 1562 1070 1585 rhc
1085 1563 1106 1585 si
1120 1561 1174 1593 pu&

287 1605 425 1634 integrare
436 1611 488 1627 con
500 1603 520 1626 il
532 1610 613 1634 passo
625 1603 854 1634 corrispondente
865 1604 893 1626 di
905 1604 944 1627 M.
954 1606 992 1635 (p.
1003 1609 1060 1629 201,
1071 1604 1101 1627 11.
1114 1611 1176 1635 4-20

285 1645 421 1670 dell'ediz.
441 1645 612 1676 modenese):
637 1645 714 1668 “Die
729 1645 793 1669 lune
807 1646 907 1676 quinto
921 1638 1045 1669 octobris
1059 1653 1174 1677 occupa-

289 1692 299 1699 “
315 1690 413 1711 verunt
427 1688 518 1711 locum
533 1687 685 1711 Trinitatis
699 1689 725 1710 et
740 1687 839 1711 Sancte
855 1686 986 1711 Catarine
1000 1690 1027 1710 et
1041 1688 1085 1711 die
1100 1696 1175 1712 nono

815 1520 852 1543 Le
868 1519 995 1542 ulteriori
1011 1520 1173 1550 operazioni

289 1732 299 1741 ‘¹
314 1731 459 1753 intrinseci
480 1730 589 1753 Mutine
610 1730 805 1753 combuserunt
826 1730 1021 1753 dormitorium
1037 1732 1063 1753 et
1078 1730 1176 1753 domos

289 1772 474 1795 “monasterii
495 1771 627 1795 Sororum
647 1771 679 1794 de
700 1771 726 1794 la
746 1770 945 1794 Mesericordia
965 1773 992 1794 et
1023 1771 1175 1796 Ecclesiam

289 1815 300 1824 ‘¹
312 1812 407 1836 Sancti
419 1813 535 1837 Thomei
548 1813 580 1836 de
595 1813 681 1843 borgo
697 1812 850 1842 Citanove3
865 1815 892 1836 et
906 1814 950 1836 die
965 1814 1052 1837 sabati
1069 1822 1086 1837 x
1100 1817 1175 1837 octo-

289 1857 300 1867 “
313 1856 370 1878 bris
384 1858 547 1887 acceperunt
568 1857 666 1879 turrim
687 1856 719 1878 de
740 1856 852 1886 Bugno:
873 1856 916 1878 die
932 1857 958 1888 xj
975 1855 1019 1879 die
1033 1856 1176 1879 dominico

288 1899 299 1909 ‘¹
313 1898 430 1929 predicti
453 1898 598 1921 intrinseci
615 1897 811 1920 combuserunt
826 1898 1022 1920 dormitorium
1038 1899 1065 1920 et
1079 1898 1176 1921 domos

288 1940 299 1951 ‘⁸
314 1939 429 1962 fratrum
443 1939 662 1963 Humiliatorum
684 1940 713 1962 in
727 1939 815 1969 burgo
829 1939 976 1962 Baiovarie
992 1941 1017 1962 et
1031 1940 1098 1962 tunc
1115 1940 1176 1970 ipsa

288 1983 299 1993 ‘¹
313 1981 358 2004 die
377 1981 507 2005 detentus
527 1981 582 2005 suit
602 1982 672 2005 Bota
692 1981 838 2004 Bertucius
856 1982 883 2004 et
897 1981 971 2005 filius
985 1983 1011 2004 et
1027 1982 1070 2005 die
1086 1982 1173 2005 sabati

289 2026 300 2034 '¹
315 2024 372 2055 xvij
394 2023 517 2046 octobris
538 2024 701 2054 acceperunt
720 2024 770 2046 etc.
787 2038 810 2053 .‚.

374 2062 385 2079 ²
404 2064 435 2087 In
455 2066 553 2095 questa
581 2064 667 2096 lunga
693 2064 792 2088 lacuna
822 2065 930 2088 doveva
961 2072 1033 2088 esser
1063 2067 1176 2089 narrato

286 2105 426 2136 qualcuno
446 2106 557 2130 almeno
576 2106 618 2129 dei
640 2106 721 2130 molti
744 2106 807 2129 fatti
830 2107 946 2129 successi
970 2107 1032 2129 sino
1053 2105 1108 2129 alla
1122 2106 1174 2129 fine

286 2148 358 2172 della
378 2149 536 2180 podesteria
551 2149 594 2172 del
609 2149 733 2179 Belayre,
747 2147 807 2172 cioe
822 2156 836 2171 a
850 2149 926 2172 tutto
942 2148 961 2171 il
976 2150 1082 2179 giugno
1099 2155 1174 2180 1334,

287 2192 335 2214 che
349 2198 421 2214 sono
434 2189 493 2214 cosi
508 2192 663 2215 raccontati
679 2191 723 2214 dal
740 2191 778 2214 M.
790 2190 827 2222 (p,
843 2197 901 2218 201,
911 2191 929 2214 l.
942 2196 974 2221 27
984 2203 993 2207 -
1004 2198 1030 2222 p.
1043 2189 1102 2220 206,
1114 2190 1130 2214 l.
1145 2197 1175 2214 12

287 2232 420 2256 dell'ediz.
442 2231 612 2263 modenese):
635 2230 710 2255 “Sed
730 2233 822 2263 primo
843 2232 988 2256 intrinseci
1004 2233 1175 2256 mutinenses

289 2272 302 2284 “
314 2273 510 2297 combuserunt
530 2274 630 2297 turrim
644 2274 678 2297 de
691 2273 879 2305 Bergonginis
893 2274 1015 2305 positam
1031 2275 1059 2297 in
1074 2277 1175 2298 terram

290 2315 303 2328 “
312 2315 518 2348 Campigaiani.
538 2315 592 2339 Die
600 2316 697 2340 martis
704 2316 782 2348 xxvij
793 2316 917 2340 octobris
928 2316 1049 2347 predicti
1057 2317 1176 2340 Domini

291 2356 420 2381 “tiranni
441 2365 503 2382 cum
522 2358 579 2382 suis
594 2358 763 2382 exercitibus
778 2365 805 2381 se
819 2360 1017 2389 seperaverunt
1031 2360 1058 2382 et
1073 2365 1174 2382 remea-

290 2401 301 2413 “
313 2401 377 2423 runt
397 2400 431 2424 ad
451 2401 573 2432 proprIa⁷
593 2402 620 2423 et
639 2400 701 2432 ipsa
715 2401 759 2424 die
779 2401 918 2424 exercitus
932 2401 1035 2424 circum
1051 2402 1171 2424 castrum

289 2441 409 2466 “Sancti
428 2440 530 2465 FelicIs
550 2443 674 2466 existens
701 2449 728 2465 se
753 2442 817 2466 inde
844 2442 993 2473 seperavit,
1019 2442 1173 2466 combustis

289 2482 300 2493 ‘¹
314 2481 460 2509 machinis,
480 2483 507 2504 et
527 2481 571 2505 die
591 2482 708 2505 mercuri
731 2482 821 2513 xxviij
843 2482 873 2505 in
895 2484 977 2505 nocte
990 2481 1129 2505 Rizardus
1143 2482 1176 2505 de

290 2526 300 2536 ¹*
313 2522 446 2547 Gorzano
473 2524 581 2554 accepit
607 2521 767 2546 Gorzanum
792 2523 966 2554 Enghiramo
986 2524 1019 2547 de
1045 2522 1176 2547 Gorzano

287 2564 298 2577 ¹¹
312 2567 387 2588 circa
415 2564 534 2588 mediam
555 2567 672 2588 noctem.
710 2565 745 2588 Et
771 2565 817 2588 die
845 2565 943 2589 martis
971 2573 987 2588 x
1017 2565 1176 2589 novembris

288 2605 301 2618 ‘¹
312 2607 453 2630 exercitus
471 2606 646 2630 Marchionis
661 2607 694 2630 de
707 2606 835 2630 Ferraria
849 2608 928 2631 venit
942 2608 971 2630 in
987 2607 1127 2631 obsessum
1142 2607 1176 2630 ad

288 2647 300 2660 “
313 2651 434 2672 castrum
453 2648 548 2672 Sancti
570 2648 673 2672 Felicis
693 2651 720 2672 et
739 2650 804 2672 tunc
827 2649 951 2673 fecerunt
966 2657 1047 2672 unam
1064 2649 1174 2672 foveam

289 2691 418 2715 “circum
431 2690 537 2714 dictum
553 2693 673 2714 castrum
688 2691 852 2715 latitudinis
864 2692 904 2724 xij
920 2691 1098 2715 brachiorum
1113 2698 1174 2714 cum

289 2732 425 2765 “sepibus
453 2740 534 2765 super
562 2739 629 2756 eam.
667 2733 702 2756 Et
728 2733 772 2756 die
802 2735 912 2756 veneris
942 2734 981 2765 xij
1014 2733 1174 2757 novembris

290 2774 415 2807 “Regini
438 2775 595 2804 intrinseci,
614 2775 661 2806 qui
686 2777 765 2798 erant
784 2776 814 2798 iu
835 2776 978 2798 obsessum
999 2775 1032 2798 ad
1051 2777 1174 2809 castrum

291 2817 302 2829 “
314 2818 462 2845 Dinazani,
472 2823 500 2840 se
511 2819 708 2848 seperaverunt
719 2816 792 2840 inde.
814 2817 893 2840 Tunc
906 2818 1045 2841 Dominus
1056 2816 1176 2841 Carolus

289 2858 302 2871 ‘¹
316 2860 519 2891 primogenitus
540 2859 649 2882 domini
670 2858 754 2889 Regis
774 2859 887 2882 Boemie
901 2859 947 2883 die
961 2858 1026 2882 lune
1041 2859 1112 2891 xxiij
1129 2866 1176 2881 no-

290 2900 302 2913 “
317 2901 436 2925 vembris
451 2900 530 2924 venit
540 2907 555 2924 a
567 2900 684 2923 civitate
694 2899 792 2923 Parme
804 2900 941 2924 Mutinam
954 2907 1013 2923 cum
1026 2900 1177 2923 Nobilibus

291 2945 301 2956 ⁶·
314 2943 346 2966 de
366 2942 469 2966 Rubeis
489 2942 521 2965 de
543 2942 649 2971 Parma,
669 2941 701 2965 de
727 2941 875 2973 Fogliano,
903 2942 935 2965 de
962 2941 1117 2965 Manfredis
1145 2942 1176 2965 de

290 2986 301 2998 ‘⁴
315 2985 411 3017 Regio.
433 2992 494 3008 cum
521 2987 683 3008 sexcentum
709 2985 849 3014 equitibus
876 2984 1049 3008 theutonicis
1076 2986 1102 3007 et
1131 2985 1175 3007 die

1231 1307 1243 1318 “
1256 1309 1353 1332 martis
1364 1310 1490 1340 sequenti
1503 1316 1564 1333 cum
1578 1309 1662 1333 dictis
1670 1310 1801 1341 gentibus
1810 1308 1986 1342 etluniverso
1995 1310 2120 1333 exercitu

1230 1349 1243 1362 “
1256 1350 1413 1374 mutinense
1439 1353 1606 1383 perexerunt
1632 1358 1727 1375 versus
1753 1353 1873 1376 castrum
1898 1350 1995 1375 Sancti
2015 1350 2118 1374 Felicis

1230 1392 1243 1404 “
1255 1394 1484 1417 castrametantes
1510 1393 1539 1417 in
1569 1393 1640 1417 villa
1666 1392 1794 1418 Sorbarie
1824 1396 1906 1418 nocte
1934 1394 2024 1425 ipsius
2053 1393 2111 1417 dlei

1233 1432 1244 1444 ‘⁴
1258 1435 1369 1462 martis;
1390 1437 1416 1458 et
1436 1434 1481 1459 die
1501 1437 1625 1466 sequenti
1647 1435 1677 1459 in
1699 1443 1778 1459 mane
1806 1438 1982 1468 perexerunt,
2003 1436 2120 1459 armatis

1233 1476 1243 1487 ‘⁴
1257 1477 1393 1502 manibus.
1410 1485 1503 1501 versus
1519 1478 1625 1501 dictum
1640 1480 1760 1502 castrum
1775 1479 1870 1502 Sancti
1886 1477 1998 1505 Felicis,
2013 1479 2120 1501 circum

1233 1516 1245 1528 “
1257 1518 1330 1548 quod
1343 1521 1422 1542 erant
1434 1520 1464 1542 in
1476 1520 1617 1543 obsessum
1630 1521 1725 1551 gentes
1741 1520 1931 1552 predictorum
1941 1519 2121 1543 dominorum

1233 1560 1245 1572 “
1256 1562 1284 1584 et
1291 1562 1470 1586 tirannorum
1481 1564 1508 1586 et
1519 1563 1604 1586 etiam
1615 1562 1841 1586 dominiAzonis
1853 1562 1886 1586 de
1897 1561 2119 1586 Vicecomitibus

1232 1602 1361 1627 “domini
1384 1604 1541 1628 Mediolani
1562 1607 1589 1629 et
1610 1607 1699 1636 ipsum
1718 1606 1880 1634 exercitum,
1901 1606 2015 1628 armatis
2034 1604 2120 1628 mani-

1233 1644 1245 1655 ‘¹
1256 1645 1314 1673 bus,
1336 1646 1364 1668 in
1385 1646 1445 1670 alta
1457 1647 1527 1670 hora
1548 1654 1725 1678 vesperarum
1746 1647 1956 1670 insultaverunt
1969 1646 2121 1670 durissimo

1232 1687 1347 1718 “prelio
1366 1688 1433 1712 hinc
1454 1690 1520 1713 inde
1540 1690 1664 1721 incepto,
1684 1690 1758 1721 quod
1781 1689 1893 1713 duravit
1920 1697 1934 1713 a
1955 1689 2030 1713 dicta
2049 1688 2118 1712 hora

1231 1728 1243 1740 “
1256 1736 1342 1760 usque
1362 1730 1395 1754 ad
1415 1731 1514 1754 horam
1535 1732 1733 1762 complectorii
1754 1731 1887 1763 elapsam,
1907 1732 2010 1763 positis
2025 1730 2121 1754 Ferra-

1233 1770 1245 1782 “
1257 1772 1396 1796 riensibus
1416 1774 1443 1796 et
1458 1774 1621 1804 sequacibus
1637 1774 1667 1797 in
1683 1774 1764 1797 ruina
1779 1777 1806 1797 et
1819 1773 1975 1805 precipitio
1989 1773 2121 1799 maximo,

1233 1812 1245 1824 ³
1259 1814 1287 1836 in
1309 1821 1363 1845 quo
1383 1815 1474 1846 prelio
1496 1815 1568 1839 idem
1588 1815 1729 1839 Dominus
1745 1815 1865 1839 Carolus
1880 1815 1984 1838 ibidem
2000 1815 2122 1838 inconti-

1234 1853 1335 1878 “nenti
1357 1855 1488 1879 millitari
1509 1856 1627 1887 cingulo
1647 1857 1795 1881 decoravit
1815 1856 1984 1886 Marsilium,
2008 1855 2121 1880 Petrum

1234 1895 1286 1920 “et
1303 1896 1497 1921 Andreaxium
1517 1897 1550 1921 de
1571 1897 1685 1928 Rubeis,
1715 1897 1918 1930 Adhigirolum
1947 1898 1981 1921 de
2008 1896 2121 1924 Senaza.

1232 1937 1245 1950 ‘¹
1259 1937 1427 1969 Ugulottum
1441 1939 1550 1971 Lupum
1562 1942 1588 1963 et
1602 1940 1738 1964 Ubertum
1748 1940 1943 1964 Palavicinum
1954 1946 2122 1971 parmenses,

1235 1981 1246 1991 ‘⁵
1259 1978 1407 2004 Gibertum
1426 1982 1453 2005 et
1472 1981 1623 2005 Nicolaum
1643 1982 1675 2005 de
1694 1981 1835 2014 Fogliano
1849 1983 1989 2014 regienses
2002 1983 2029 2006 et
2042 1981 2121 2005 Man-

1235 2019 1248 2032 “
1259 2021 1367 2045 fredum
1387 2022 1421 2046 de
1435 2022 1495 2046 Piis
1510 2024 1705 2047 mutinensem.
1745 2022 1829 2050 Quod
1845 2024 1965 2055 prelium
1979 2024 2093 2047 duravit
2106 2029 2121 2046 a

1234 2062 1247 2074 α
1257 2064 1333 2087 dicta
1343 2064 1411 2088 hora
1423 2071 1600 2096 vesperarum
1613 2072 1698 2096 usque
1709 2065 1743 2089 ad
1755 2065 1852 2089 horam
1865 2072 2000 2098 campane
2012 2064 2124 2093 orandi,

1234 2106 1245 2117 ‘¹
1258 2106 1371 2130 tandem
1383 2107 1452 2131 dicti
1464 2107 1664 2136 Ferrarienses,
1674 2110 1701 2132 et
1710 2109 1766 2132 suis
1779 2109 1942 2139 sequacibus
1951 2110 1978 2132 et
1988 2109 2122 2132 universo

1234 2149 1247 2161 “
1258 2155 1308 2172 suo
1335 2150 1458 2173 exercitu
1484 2151 1581 2181 captis,
1611 2151 1731 2174 mortuis
1760 2152 1787 2174 et
1812 2151 1914 2182 positis
1939 2151 1970 2174 in
1999 2150 2123 2174 maxima

1234 2190 1246 2202 “
1259 2191 1333 2222 fuga,
1354 2191 1478 2215 dimissis
1500 2191 1604 2215 ibidem
1624 2199 1719 2215 eorum
1733 2193 1876 2222 tentoriis,
1890 2192 2038 2222 machinis,
2052 2191 2122 2215 bali-

1233 2231 1246 2244 “
1257 2232 1318 2261 stis,
1338 2234 1365 2256 et
1384 2233 1450 2256 aliis
1465 2233 1596 2257 aredibus
1611 2233 1645 2257 ad
1661 2234 1781 2265 prelium
1795 2236 1822 2258 et
1836 2235 1988 2258 exercitum
2003 2240 2124 2257 necessa—

1234 2275 1245 2286 “
1258 2274 1304 2298 ris.
1342 2275 1372 2298 In
1393 2283 1447 2306 quo
1462 2275 1595 2299 conflictu
1616 2278 1642 2299 et
1662 2276 1751 2308 prelio
1766 2277 1871 2300 mortui
1888 2277 2000 2300 suerunt
2014 2282 2123 2299 ccccccc

1233 2315 1246 2327 ‘¹
1257 2318 1319 2347 equi
1334 2317 1464 2348 armigeri
1476 2317 1543 2341 hinc
1559 2319 1622 2342 inde
1636 2320 1663 2341 et
1676 2318 1766 2347 ultra}
1777 2318 1810 2342 de
1821 2319 1911 2350 captis
1925 2319 2049 2349 ipsorum
2062 2318 2123 2341 Fer-

1231 2358 1244 2371 “
1254 2360 1422 2382 rariensium
1437 2361 1464 2383 et
1478 2360 1636 2390 sequacium
1653 2360 1766 2384 fuerunt
1777 2362 1939 2384 sexcentum
1951 2359 2123 2383 Theutonlci

1233 2398 1245 2411 ‘⁴
1257 2401 1284 2423 et
1295 2400 1379 2430 ultra,
1389 2400 1454 2424 Itali
1467 2408 1496 2424 cc
1507 2403 1534 2424 et
1544 2401 1617 2425 ultra
1626 2402 1653 2424 et
1665 2401 1697 2424 de
1708 2401 1827 2425 mortuis
1838 2403 1958 2429 centum,
1970 2402 2043 2424 inter
2052 2407 2123 2432 quos

1233 2440 1341 2465 “Italos
1351 2444 1459 2473 captos,
1470 2443 1584 2466 suerunt
1594 2442 1727 2466 dominus
1738 2442 1857 2467 Ioannes
1865 2443 1898 2466 de
1909 2442 2017 2475 Campo
2026 2442 2121 2466 Sancti

1231 2483 1244 2496 “
1255 2483 1328 2507 Petri
1340 2484 1372 2508 de
1381 2484 1486 2514 padua,
1501 2485 1715 2509 Bartholomeus
1727 2485 1759 2509 de
1774 2486 1917 2509 anchetis
1931 2486 1957 2509 et
1971 2484 2075 2509 Paulus
2089 2484 2122 2508 de

1233 2525 1246 2537 “
1258 2525 1369 2549 Padelis
1384 2521 1565 2554 mutinenses,
1581 2527 1611 2550 in
1626 2535 1681 2559 quo
1694 2526 1779 2550 etiam
1794 2527 1926 2551 conflictu
1947 2526 2048 2550 lucrati
2062 2526 2122 2550 sue-

1234 2566 1323 2590 “runt
1342 2575 1390 2591 sex
1416 2575 1511 2591 currus
1532 2570 1715 2598 coracini-um,
1735 2568 1921 2601 'barbutarum
1947 2570 1973 2592 et
1999 2568 2121 2593 aliorum

1233 2607 1245 2619 ‘¹
1258 2616 1408 2640 armorum⁷
1420 2617 1472 2640 que
1480 2612 1657 2642 presentatae
1671 2610 1784 2634 fuerunt
1796 2610 1924 2634 Mutinae
1934 2611 1970 2634 ad
1981 2610 2122 2635 butinum.

1233 2649 1245 2662 “
1258 2650 1312 2674 Die
1325 2651 1391 2674 lune
1405 2652 1507 2675 ultimo
1528 2652 1689 2676 novembris
1703 2652 1843 2676 Dominus
1859 2650 1978 2676 Carolus
1998 2659 2026 2676 se
2046 2659 2120 2684 sepe·

1235 2692 1247 2704 ·'‘
1259 2694 1333 2717 ravit
1354 2693 1474 2724 Mutina,
1495 2694 1613 2725 receptis
1633 2695 1815 2718 sacramentis
1828 2701 1844 2718 a
1859 2695 2001 2725 capitibus
2015 2695 2123 2718 theuto-

1235 2735 1245 2746 ‘·
1259 2735 1331 2757 nicis
1351 2734 1478 2758 dimissis
1499 2735 1532 2759 ad
1551 2735 1640 2764 fidem,
1665 2736 1712 2766 qui
1740 2735 1854 2759 suerunt
1880 2742 1995 2759 numero
2019 2737 2123 2768 septin-

1236 2776 1246 2788 ⁴'⁴
1259 2778 1335 2807 genti
1357 2778 1383 2800 et
1403 2777 1478 2801 ultra
1498 2779 1525 2800 et
1545 2777 1630 2801 rediit
1643 2776 1780 2801 Parmam.
1817 2776 1852 2800 Et
1871 2777 1916 2800 die
1936 2777 1999 2801 lune
2018 2777 2122 2801 ultimo

1234 2818 1246 2830 “
1258 2818 1417 2841 novembris
1437 2819 1468 2842 in
1482 2820 1564 2842 nocte
1577 2821 1674 2850 gentes
1687 2819 1843 2842 exIstentes
1857 2819 1885 2841 in
1900 2820 1992 2842 castro
2006 2818 2123 2851 Spilam-

1235 2858 1330 2883 “berti
1349 2859 1555 2884 derobaverunt
1576 2867 1672 2884 omnes
1691 2861 1794 2884 bestias
1814 2862 1841 2883 et
1867 2862 1999 2892 ceperunt
2025 2867 2122 2884 omnes

1231 2901 1244 2914 ‘⁴
1257 2901 1387 2925 homines
1407 2902 1440 2925 de
1459 2901 1586 2926 Marano.

2150 1907 2184 1933 70

2151 2116 2182 2143 75

2151 2320 2185 2344 80

2149 2744 2184 2770 90

1319 2943 1482 2967 “Dominus
1502 2944 1619 2976 Egidius
1641 2944 1674 2968 de
1694 2944 1802 2968 Belaier
1817 2943 1946 2969 Potestas
1964 2944 2074 2969 Mutine
2088 2946 2117 2969 ln
2146 2955 2178 2981 95

1232 2984 1426 3017 '‘Mcccxxxiij
1447 2992 1494 3016 per
1513 2987 1605 3009 totum
1631 2992 1744 3010 annum.
1766 2985 1872 3010 Eodem
1891 2993 1968 3010 anno
1989 2987 2034 3011 die
2053 2987 2118 3010 lune
