2370 3603
45 817 84 848 10
107 816 225 857 pleriis
248 822 346 853 esset,
371 820 405 846 et
429 815 538 846 eciam
563 814 687 846 fratres
711 814 794 845 dicti
819 814 947 845 ordinis
971 818 1218 846 attestaverunt
1236 822 1310 844 esse
1326 822 1417 843 vera.

44 1079 80 1110 15

40 1345 81 1375 20

0 1862 81 1903 '30

62 2186 74 2211 5

44 2404 74 2420 10

46 2650 73 2675 15

42 2862 76 2879 20

107 231 158 265 [A.
179 232 272 263 1345}
713 221 979 258 IOHANNIS
1008 222 1077 257 DE
1106 220 1327 257 BAZANO

123 300 139 309 ι-
141 294 1949 308 .......................................................................................................................................................................................................

108 345 165 377 die
189 344 363 376 dominico
387 344 464 386 xxvj
492 343 576 374 iunii
599 342 737 384 quidam
761 343 868 374 frater
891 342 1059 373 Iohannes
1075 341 1119 372 de
1136 340 1276 372 Feraria
1292 339 1422 372 ordinis
1439 339 1605 371 minorum
1623 339 1698 380 ipsa
1715 338 1773 370 die
1790 337 1945 370 Mutinae

108 398 142 428 in
166 398 268 429 domo
292 397 461 429 dictorum
485 396 627 427 fratrum
650 394 874 436 praedicavit.
921 394 965 425 Et
989 393 1044 425 die
1076 393 1246 425 dominico
1271 393 1305 423 in
1338 398 1459 423 octava
1494 391 1647 433 Pasquae
1679 390 1944 422 resurrecionis¹

107 449 246 482 Domini
268 449 426 490 apparuit
449 448 617 490 quaedam
640 457 724 478 crux
747 446 853 477 rubea
876 447 930 478 vel
955 445 1109 477 vermilia
1132 445 1166 476 in
1191 450 1303 476 castro
1328 444 1422 476 dicto
1447 443 1566 484 Spello
1590 443 1624 474 in
1641 443 1731 475 valle
1756 442 1944 484 spoletana,

107 502 141 533 in
165 512 295 533 summo
320 502 494 533 cuiusdam
518 499 652 541 palacii,
678 509 764 540 quae
789 509 871 530 crux
894 499 998 541 longa
1022 503 1094 529 erat
1117 508 1181 539 per
1203 497 1357 538 spacium
1381 497 1525 528 duorum
1550 495 1737 537 palmorum
1760 495 1816 526 vel
1840 494 1946 526 circa.

108 554 235 587 Postea
256 554 363 586 tercia
387 554 442 584 die
467 551 622 594 sequenti
645 551 805 592 apparuit
828 551 995 592 quaedam
1020 561 1103 582 crux
1127 549 1233 581 rubea
1256 548 1468 591 longitudine
1493 549 1590 579 unius
1607 547 1711 580 cubiti
1729 558 1831 589 super
1847 548 1944 578 fron—-

107 607 287 648 tespicium
311 606 478 638 ecclesiae
495 605 613 636 Sancti
637 604 811 635 Francisci
836 604 878 635 de
902 603 1019 635 Assiso
1043 603 1078 634 in
1102 613 1192 640 aere,
1209 608 1243 634 et
1267 602 1314 633 sic
1339 601 1432 633 stetit
1454 611 1517 642 per
1539 606 1610 632 tres
1634 601 1722 637 dies;
1748 600 1843 632 cuius
1866 609 1948 642 gen-

109 666 157 691 tes
181 658 471 691 circumstantium
494 663 660 688 terrarum
685 656 819 687 illarum
843 662 1062 688 accesserunt
1093 655 1137 686 ad
1161 654 1349 686 videndum
1381 653 1546 685 miracula
1578 653 1732 684 inaudita
1763 658 1798 684 et
1821 658 1948 684 stantes

107 712 142 742 in
167 712 258 743 dicta
283 710 429 743 ecclesia
452 715 523 741 tota
547 715 650 741 nocte
676 715 922 740 attestaverunt
946 720 982 740 se
1006 708 1133 740 vidisse
1157 707 1249 738 illam
1275 717 1411 739 crucem
1438 706 1548 737 albam
1573 706 1661 737 sicut
1684 706 1742 736 nix
1766 711 1799 736 et
1823 716 1865 736 ex
1890 715 1947 736 ca-

106 764 175 805 pite
199 763 363 795 Crucifixi
386 762 579 804 procedere
603 762 773 804 fulgorem
797 771 938 793 aureum
963 767 1067 793 totam
1085 760 1267 792 ecclesiam
1285 760 1543 796 illuminantem,
1561 759 1661 790 sicuti
1679 764 1750 789 tota
1766 759 1867 799 plena
1884 757 1945 789 do-

1464 811 1598 842 Dicitur
1623 810 1733 842 eciam
1751 810 1947 851 apparuisse

106 869 280 911 quoddam
306 867 466 899 vexillum
490 866 605 898 album
630 876 706 898 cum
731 876 834 898 cruce
858 866 965 898 rubea
988 877 1066 898 cum
1090 865 1253 907 dopleriis
1277 865 1430 896 accensis
1454 875 1473 895 a
1497 864 1624 895 dextris
1641 869 1674 895 et
1697 874 1717 894 a
1740 862 1898 899 sinistris,
1917 867 1950 892 et

106 930 210 962 super
224 921 342 952 turrim
360 920 525 951 ecclesiae
550 920 748 960 apparuisse
772 919 965 961 doplerium
990 929 1183 954 accensum,
1209 927 1352 960 quorum
1371 916 1609 948 miraculorum
1626 915 1832 957 [occasione]
1848 915 1948 946 innu-

107 973 286 1005 merabiles
298 978 519 1014 peecatorum
532 973 738 1014 quantitates
751 982 937 1004 conversae
951 972 1089 1003 fuerunt
1102 971 1146 1002 ad
1159 970 1402 1012 paenitentiam
1415 975 1585 1001 sumentes
1599 978 1736 1000 crucem
1751 967 1795 999 ad
1808 968 1949 1010 figuram

105 1027 214 1058 sancti
229 1026 405 1057 Francisci
418 1031 451 1057 et
464 1025 600 1056 iverunt
611 1025 698 1057 ultra
715 1036 807 1056 mare
827 1031 947 1057 contra
963 1025 1148 1057 Saracinos
1161 1030 1195 1055 et
1211 1023 1380 1060 Turchos,
1395 1028 1429 1054 et
1446 1023 1489 1054 de
1508 1022 1645 1053 civitate
1663 1021 1796 1062 Spoleti
1814 1021 1950 1052 iverunt

107 1079 126 1111 l.
145 1079 275 1122 equites
299 1079 344 1110 ad
366 1078 500 1120 signum
524 1078 739 1119 praedictum
762 1078 853 1109 ultra
869 1077 987 1115 mare‚'
1012 1077 1113 1108 factis
1132 1075 1325 1108 concordiis
1342 1076 1386 1107 de
1401 1075 1536 1117 guerris
1551 1075 1639 1106 inter
1657 1074 1750 1105 cives
1767 1080 1801 1105 et
1817 1073 1947 1105 habita-

106 1138 197 1164 tores
219 1131 316 1163 vallis
339 1131 538 1172 spoletanae
563 1137 597 1162 et
620 1131 754 1162 illarum
779 1131 937 1172 partium.
984 1129 1086 1161 Multi
1120 1129 1229 1161 eciam
1254 1129 1381 1165 claudi,
1407 1128 1513 1165 caeci,
1538 1127 1789 1158 infirmitatibus
1822 1136 1944 1169 aggra-

105 1185 173 1216 vati
198 1184 403 1216 accedentes
434 1184 478 1214 ad
510 1183 617 1215 altare
641 1183 751 1214 sancti
785 1183 961 1215 Francisci
993 1182 1027 1213 in
1052 1182 1144 1214 dicta
1171 1182 1307 1213 civitate
1329 1180 1439 1212 Assisi
1472 1180 1605 1212 liberati
1631 1179 1673 1211 ab
1697 1178 1949 1210 infirmitatibus

106 1238 299 1270 extiterunt.
346 1237 443 1268 Unus
467 1242 590 1273 autem,
614 1237 671 1278 qui
695 1247 833 1268 crucem
857 1242 1039 1277 acceperat
1071 1235 1129 1276 [et]
1161 1235 1379 1276 postmodum
1412 1233 1590 1275 paenituit,
1623 1233 1743 1274 spiritu
1775 1233 1949 1263 immundo

106 1297 247 1322 vexatus
271 1299 410 1321 crucem
433 1289 543 1330 ipsam
568 1289 727 1330 deposuit
753 1289 937 1321 lacerando
962 1295 996 1320 et
1019 1288 1081 1319 sub
1099 1287 1246 1329 pedibus
1264 1286 1496 1318 cunsumando
1515 1296 1600 1323 eam,
1618 1285 1729 1316 subito
1746 1291 1863 1326 raptus
1880 1285 1946 1315 fuit

106 1350 140 1375 et
162 1349 314 1385 portatus
336 1343 402 1374 fuit
425 1343 460 1373 in
484 1352 563 1374 aere
587 1351 649 1383 per
671 1342 823 1384 spacium
849 1341 944 1384 quasi
967 1341 1102 1372 mediae
1126 1341 1231 1372 horae
1247 1339 1405 1372 omnibus
1429 1338 1631 1376 videntibus,
1648 1344 1768 1379 postea
1785 1337 1951 1379 disparuit

106 1403 140 1428 et
162 1406 336 1438 nunquam
359 1396 526 1437 apparuit.

189 1448 355 1480 Dominus
379 1448 568 1480 Gulielmus
592 1449 635 1480 de
659 1448 793 1489 Campo
826 1447 945 1480 Sancti
978 1446 1072 1479 Petri
1096 1447 1139 1478 de
1164 1446 1284 1478 Padua
1315 1446 1472 1477 Potestas
1504 1444 1659 1476 Mutinae
1692 1453 1754 1485 pro
1787 1443 1950 1484 [domino]

105 1501 306 1533 Marchione
338 1501 372 1532 in
403 1500 633 1532 M.cccxxxxv
664 1501 864 1542 incipiendo
900 1501 1053 1542 regimen
1085 1499 1241 1531 suumin
1266 1498 1421 1530 calendis
1452 1497 1656 1539 septembris
1669 1496 1690 1528 ².
1736 1497 1803 1528 Die
1834 1496 1950 1527 martis

105 1555 172 1597 [xiij
198 1553 412 1596 septembris]
437 1554 582 1596 populus
605 1554 729 1586 Portae
747 1554 865 1586 Sancti
888 1553 984 1585 Petri
1003 1553 1152 1585 civitatis
1175 1552 1330 1584 Mutinae
1349 1562 1425 1583 cum
1443 1551 1693 1594 guastatoribus
1711 1556 1743 1581 et
1760 1549 1951 1581 Theutoni-

106 1609 165 1646 cis,
189 1607 355 1639 existente
380 1617 497 1638 eorum
523 1607 609 1639 duce
635 1607 803 1639 Gulielmo
828 1607 870 1638 de
896 1605 1133 1649 Rangonibus‚
1158 1606 1294 1637 iverunt
1316 1605 1351 1636 in
1376 1605 1561 1636 exercitum
1586 1604 1630 1635 ad
1655 1609 1801 1635 castrum
1818 1602 1950 1634 Herbe-

103 1662 185 1698 riae,
209 1666 489 1692 castrametantes
513 1659 561 1691 ibi
577 1666 709 1701 septem
727 1659 857 1697 diebus,
883 1660 1004 1691 domos
1022 1658 1276 1695 comburentes,
1295 1657 1435 1689 arbores
1460 1658 1693 1692 excindentes,
1719 1656 1836 1687 vineas
1861 1655 1948 1686 inci-

105 1714 225 1745 dentes
249 1718 282 1744 et
307 1713 421 1753 dapna
444 1722 568 1754 magna
590 1713 791 1743 inferentes.
839 1712 903 1743 Die
939 1711 1048 1743 sabati
1071 1711 1186 1754 xxviiij
1214 1710 1363 1742 octobris
1400 1710 1460 1741 ivit
1485 1710 1656 1741 exercitus
1680 1708 1923 1740 Mutinensium
1938 1706 1949 1723 ³

104 1767 140 1798 in
164 1766 337 1798 obsessum
361 1766 406 1797 ad
430 1771 578 1797 castrum
610 1765 798 1796 Herberiae
831 1765 1006 1797 districtus
1039 1765 1154 1806 Regii,
1187 1764 1327 1805 incepta
1359 1764 1508 1805 quadam
1539 1762 1589 1793 ibi
1614 1761 1738 1797 bastia;
1764 1762 1821 1803 qui
1853 1771 1949 1792 exer-

105 1819 189 1850 citus
212 1818 404 1860 pluviarum
428 1825 462 1849 et
485 1829 649 1860 aquarum
674 1818 905 1849 inundacione
929 1818 1010 1848 inde
1035 1828 1070 1848 se
1095 1816 1268 1858 separavit
1291 1816 1349 1847 vili
1367 1816 1537 1847 conducta
1562 1815 1871 1851 Theutonicorum‚
1897 1813 1947 1844 di-

105 1871 215 1903 missis
230 1871 359 1904 ibidem
377 1871 537 1909 vestibus‚
554 1872 695 1903 arnesiis
712 1876 745 1903 et
759 1871 833 1902 aliis
849 1871 893 1902 ad
907 1871 1092 1903 exercitum
1111 1869 1321 1907 necessariis,
1339 1868 1493 1900 demissis
1510 1869 1620 1900 eciam
1639 1867 1794 1899 curribus
1807 1874 1841 1899 et
1855 1867 1951 1909 equis

195 2009 218 2027 ι.
234 2001 311 2034 xxvj]
327 2007 358 2032 25
372 2001 415 2034 A„
429 2002 516 2031 Mun„
532 2002 592 2031 Cra,
606 2010 648 2025 ma
662 2002 686 2024 il
696 2001 851 2033 2531'ug11o
870 2007 937 2030 1545
949 2001 987 2033 fu
1005 1999 1099 2024 sabato
1120 2013 1152 2017 —
1167 2007 1190 2031 3.
1210 1999 1283 2024 valle
1303 1999 1393 2028 Mun.²
1409 1999 1472 2027 (ἶνας
1488 1998 1554 2022 villa
1566 1997 1598 2021 A.
1615 2011 1645 2015 -
1660 2005 1686 2028 4.
1704 1997 1733 2020 in
1747 2003 1826 2020 sumo
1840 1995 1950 2020 cuidam

107 2047 214 2080 palacio
226 2047 274 2076 Α.;
285 2047 315 2070 in
329 2053 437 2070 summo
451 2045 571 2077 quodam
587 2045 693 2077 palatio
708 2045 798 2074 Mun„
814 2046 858 2069 Cr.
873 2051 964 2069 -crux
979 2051 1028 2068 om.
1043 2044 1131 2072 Μυκ..
1145 2045 1190 2069 Cr.
1207 2057 1238 2060 —
1253 2049 1276 2073 5.
1291 2043 1378 2066 tertia
1397 2043 1486 2072 ΜυιῐἾ
1508 2042 1568 2069 Cr.;
1589 2042 1671 2065 terna
1690 2041 1723 2064 Α.
1745 2053 1776 2057 -
1796 2039 1821 2064 6.
1840 2038 1951 2070 Sancti]

107 2090 185 2114 Beati
204 2090 292 2120 Mun„
307 2091 352 2115 Cr.
372 2103 383 2108 -
403 2090 481 2114 cuius
501 2097 550 2113 om.
564 2089 643 2114 Mun.
664 2102 695 2106 —
716 2088 740 2113 8.
760 2089 853 2112 nivem
872 2089 960 2117 Mun„
983 2089 1026 2113 Cr.
1050 2101 1082 2105 —
1106 2095 1178 2120 9-10.
1198 2086 1330 2119 depleriis
1348 2086 1381 2110 A.
1400 2087 1446 2117 qui
1463 2093 1478 2109 e
1495 2086 1602 2109 altr-ove
1618 2088 1721 2115 sempre
1747 2098 1778 2102 --
1804 2091 1830 2115 9.
1855 2091 1951 2116 proce-

107 2132 182 2166 dere]
201 2134 321 2167 pendere
340 2134 418 2158 Mun.
440 2147 470 2151 «-
489 2140 527 2157 10.
547 2134 664 2157 atestari
677 2140 737 2157 esse
757 2133 804 2161 Aa,
820 2133 947 2157 attestati
965 2134 1034 2157 sunt
1052 2139 1110 2157 esse
1125 2133 1212 2161 Mum,
1229 2132 1290 2159 (ἶν’-ς
1304 2131 1458 2164 preferisco
1477 2130 1594 2160 ripetere
1614 2130 1642 2152 la
1654 2129 1748 2162 forma
1769 2129 1854 2152 activa
1873 2131 1951 2151 urata

101 2178 149 2210 pr'r'c
167 2182 248 2209 sopra
267 2178 298 2210 (l.
309 2177 336 2210 8)
360 2191 370 2196 -
394 2179 477 2202 Dixit
495 2178 544 2207 A.3
567 2178 701 2202 dixerunt
721 2178 809 2207 Mum,
825 2177 870 2202 Cr.
886 2191 915 2194 —
941 2184 980 2201 11.
1000 2177 1140 2208 quoddam
1161 2177 1247 2206 MUR„
1270 2176 1329 2204 Cr.;
1348 2174 1462 2206 quidam
1482 2175 1514 2198 A.
1537 2186 1567 2191 —
1591 2180 1630 2198 12.
1651 2173 1802 2198 occasione
1820 2180 1870 2196 non
1883 2172 1897 2195 ὲ
1910 2173 1953 2196 nei

106 2223 178 2251 testi,
199 2231 240 2247 ma
259 2223 369 2254 cipare
388 2223 509 2247 richtesto
523 2221 573 2245 dal
582 2229 655 2246 senso
676 2236 706 2239 —
731 2226 769 2251 15.
790 2221 810 2253 1]
832 2228 864 2252 30
886 2222 931 2246 Cr.
952 2234 984 2238 —
1008 2220 1046 2245 18.
1060 2222 1088 2246 et
1107 2228 1175 2252 agg.
1190 2220 1277 2249 Mun.⁷
1300 2220 1346 2244 Cr.
1361 2232 1394 2236 —
1411 2225 1451 2248 19.
1471 2219 1590 2242 vexatus
1602 2217 1691 2247 Mun„
1712 2218 1773 2246 Cr.3
1788 2218 1906 2248 negatus
1919 2216 1951 2240 A.

102 2265 198 2298 -eam]
212 2266 259 2298 qui
279 2266 364 2296 Mum
385 2273 447 2289 cum
468 2267 514 2291 Cr.
534 2279 565 2282 —
587 2272 628 2289 22.
649 2265 765 2289 domino
792 2272 841 2288 non
862 2263 875 2287 ὲ
894 2265 938 2289 nei
960 2265 1025 2289 testi
1043 2278 1075 2282 —
1097 2271 1138 2295 24.
1157 2270 1214 2295 an
1233 2261 1410 2295 septembris]
1431 2262 1498 2292 dopo
1520 2262 1619 2285 martis
1639 2261 1665 2284 in
1684 2261 1707 2284 A
1728 2261 1759 2285 vi
1782 2260 1796 2283 ὲ
1814 2269 1847 2284 un
1872 2267 1951 2291 segne

103 2310 256 2343 illeggibile
275 2310 305 2334 dl
321 2311 365 2334 cui
377 2311 454 2334 Mun.
474 2318 488 2334 e
508 2310 553 2334 Cr.
573 2317 622 2333 non
643 2312 757 2340 tengono
768 2313 857 2333 conto:
870 2309 1080 2334 induhbiamente
1099 2309 1206 2332 doveva
1225 2306 1424 2338 corrisjvondere
1443 2306 1501 2330 alla
1521 2306 1586 2330 data
1606 2305 1653 2329 del
1664 2306 1764 2337 giorno
1784 2313 1797 2328 e
1817 2305 1863 2328 del
1874 2311 1950 2333 mese,

102 2363 116 2378 e
133 2359 224 2386 questa
242 2355 268 2379 ci
286 2355 347 2378 vien
367 2354 433 2378 data
451 2355 488 2378 da
507 2355 565 2378 M..·
585 2354 629 2377 die
649 2353 749 2377 martis
769 2353 819 2385 xiij
841 2353 1006 2386 septembris
1031 2367 1059 2371 —
1081 2358 1121 2383 25.
1142 2353 1282 2376 existente
1317 2349 1330 2373 ὲ
1348 2358 1416 2375 corr.
1436 2350 1502 2374 dala
1521 2350 1557 2373 da
1578 2351 1631 2378 M.;
1651 2349 1780 2381 exigente
1797 2350 1841 2377 A„
1860 2349 1946 2376 Mum,

106 2397 151 2422 Cr.
172 2411 183 2416 -
201 2405 297 2422 eorum
317 2396 396 2428 duce]
415 2398 573 2421 eorumdem
593 2397 636 2426 A„
659 2398 718 2425 Cr.;
739 2396 835 2420 eodem
856 2397 951 2427 Mum}
971 2398 997 2420 ln
1016 2397 1169 2422 corretione
1188 2393 1202 2419 ὲ
1219 2403 1300 2426 sugg.
1321 2395 1355 2419 da
1374 2395 1416 2419 M.
1433 2394 1480 2419 che
1498 2394 1545 2417 lm:
1565 2400 1660 2417 eorum
1683 2393 1832 2425 capitaneo
1854 2405 1885 2409 —
1907 2391 1947 2415 26.

106 2441 213 2473 vineas]
233 2441 284 2466 cosi
304 2443 359 2471 M?
380 2442 455 2466 vitas
474 2442 520 2471 Α.;
541 2443 569 2465 et
589 2443 659 2465 vites
673 2441 770 2469 Mons,
790 2441 860 2464 vites
881 2441 925 2464 Cr.
947 2454 978 2458 —
994 2440 1086 2471 26-27.
1107 2438 1275 2470 incidentes]
1294 2439 1454 2462 excidentes
1471 2438 1516 2469 A..
1533 2438 1594 2466 Cr.,·
1613 2438 1640 2460 la
1654 2443 1724 2461 corr.
1738 2435 1845 2468 ksngg.
1859 2437 1894 2460 da
1908 2437 1947 2460 M.

103 2486 148 2510 che
166 2486 213 2509 lta:
225 2487 323 2510 vineas
337 2485 503 2516 incidend03
516 2494 566 2510 om.
587 2485 674 2514 Mun„
704 2499 732 2502 Α
748 2490 789 2514 27.
805 2483 915 2517 magna]
931 2485 1115 2517 maxima-AI.
1136 2498 1166 2501 —
1187 2490 1230 2515 29.
1249 2482 1403 2506 inundatus
1422 2482 1464 2511 A.,
1487 2482 1547 2511 Cr.3
1567 2480 1757 2505 inundacione
1776 2481 1865 2510 Mun„
1886 2480 1924 2503 M.
1939 2492 1950 2497 -

103 2530 155 2554 vili
173 2530 302 2554 condictu
322 2531 423 2555 Theut.
443 2531 486 2557 Α.;
510 2537 572 2553 cum
591 2529 669 2553 dicto
689 2530 813 2553 exercitu
834 2529 934 2553 Theut.
955 2529 1032 2553 Mun.
1055 2530 1114 2554 Cn:
1137 2528 1185 2551 vili
1205 2527 1342 2551 eonducta
1356 2526 1457 2550 Theut.
1477 2526 1519 2550 M.
1541 2538 1573 2542 —
1593 2531 1636 2557 30.
1656 2523 1787 2556 arnesiis]
1808 2524 1859 2549 cos}
1872 2525 1958 2552 Mun..

106 2575 161 2604 Cr„
181 2575 235 2599 M:
255 2574 356 2606 aureiJ's
376 2574 409 2597 A.
431 2587 462 2591 -—
484 2580 540 2605 30·
555 2581 580 2605 p.
603 2580 660 2604 130,
680 2573 699 2597 1.
722 2580 732 2596 1
753 2579 839 2604 equos
858 2573 886 2596 et
904 2572 959 2597 alia
977 2579 1022 2597 res
1042 2573 1076 2596 Α.

192 2643 198 2659 ¹
219 2644 260 2668 Fu
281 2645 300 2668 il
320 2652 335 2676 3
356 2646 456 2676 agosto
480 2652 555 2676 1345.

189 2684 200 2701 ⁴²
220 2687 242 2710 11
271 2686 523 2718 Camposampiero
553 2686 582 2709 fu
613 2682 730 2718 podest&
757 2693 771 2708 a
803 2687 878 2708 tutto
906 2685 997 2708 l'otto-

103 2728 150 2752 bre
172 2727 245 2759 1346,
261 2736 338 2752 come
351 2727 365 2752 *e
385 2729 585 2752 documentato
600 2728 676 2759 dagli
692 2727 746 2751 atti
761 2727 887 2758 pubblici
902 2725 997 2757 (Libro

104 2771 173 2794 delle
193 2772 258 2794 colle
278 2770 368 2794 dell'a.
398 2776 461 2802 1345
490 2770 644 2794 newArch.
665 2769 834 2800 capitolium
863 2770 952 2796 illem„
972 2776 996 2792 a.

107 2816 180 2843 1345,
202 2819 227 2835 n.
248 2819 315 2843 239:
335 2819 360 2836 a.
383 2812 457 2844 1346,
487 2812 506 2838 Ι,
528 2820 554 2835 n.
575 2818 633 2843 435,
653 2811 686 2838 ΙΙ,
718 2819 765 2835 nn.
785 2809 826 2837 82,
855 2817 911 2841 193.
938 2816 996 2841 235.

104 2852 163 2884 278,
178 2860 238 2884 32²,
257 2861 316 2885 4¹0·
338 2861 397 2885 435,
419 2861 478 2886 540,
498 2853 556 2886 726,
577 2855 666 2885 questi
689 2852 784 2877 ultimi
805 2860 856 2875 con
879 2852 905 2874 la
928 2853 996 2875 inte-

103 2897 228 2919 stazione
250 2895 412 2928 “Tempore
433 2897 580 2927 regiminis
595 2895 713 2919 nobillis
735 2895 789 2918 viri
805 2894 830 2917 d.
846 2893 994 2917 Guilielmi

107 2937 163 2960 “de
183 2936 282 2969 Canpo
302 2937 396 2961 Sancti
420 2937 493 2961 Petri
515 2938 548 2961 de
568 2937 663 2960 Padua
683 2937 748 2960 hon.
769 2936 954 2967 potestatis..
972 2954 994 2958 ..

104 2979 178 3010 “pro
199 2982 286 3011 parto,
317 2983 343 3003 ct
365 2987 414 3011 pro
445 2982 522 3011 parts:
543 2984 667 3011 tempore
698 2980 844 3010 regiminis
874 2977 995 3001 nobiliis

234 3093 266 3117 T.
284 3092 344 3121 XV,
365 3100 391 3124 p.
411 3098 443 3115 xv
463 3105 495 3110 —
515 3099 541 3123 9.

1055 2642 1194 2666 “millitis
1221 2641 1247 2665 d.
1277 2640 1408 2664 Nicholai
1430 2640 1545 2663 Balsimi
1568 2640 1601 2663 de
1620 2639 1785 2663 Tholomeis
1806 2639 1838 2662 de
1864 2638 1945 2662 Senis

1055 2683 1257 2708 “honorabilis
1278 2682 1479 2714 potestatis„);
1500 2682 1535 2705 cf.
1557 2683 1667 2709 Vrcim,
1688 2685 1727 2712 op.
1742 2683 1793 2711 cia,
1810 2681 1843 2709 ΙΙ,
1860 2687 1946 2711 22-23.

1053 2725 1199 2750 Continuo
1222 2724 1381 2748 nell'ufficio
1402 2725 1429 2747 (li
1453 2725 1465 2736 “
1479 2725 1655 2753 vicesomes„
1672 2723 1798 2754 Ugolino
1819 2724 1846 2746 (li
1862 2723 1947 2746 Ferro

1053 2769 1087 2792 (la
1108 2768 1304 2791 Montecatini.

1140 2808 1151 2824 ³
1170 2809 1191 2833 11
1214 2816 1244 2840 13
1265 2809 1413 2832 settembre
1433 2815 1479 2831 era
1499 2808 1604 2831 andato
1625 2816 1640 2831 a
1661 2815 1759 2840 campo
1775 2810 1875 2830 contro
1896 2806 1948 2829 Ru·

1053 2852 1128 2875 biera
1150 2851 1169 2874 il
1191 2851 1252 2875 solo
1272 2851 1412 2881 quartiere
1438 2850 1466 2873 di
1494 2853 1577 2880 porta
1597 2850 1652 2873 San
1672 2849 1776 2877 pietro,
1797 2849 1873 2879 cogli
1897 2848 1947 2871 sti—

1046 2892 1179 2926 'pendiari
1201 2893 1342 2918 tedesehi:
1365 2892 1384 2915 il
1406 2897 1438 2923 29
1458 2892 1569 2915 ottobre
1584 2892 1760 2915 v’andarono
1776 2891 1863 2915 anche
1877 2890 1946 2913 altri

1051 2936 1103 2959 due
1123 2935 1256 2965 quartieri
1278 2934 1369 2965 (porte
1384 2933 1559 2964 Baggiovara
1573 2941 1586 2955 e
1601 2932 1755 2963 Albareto).
1794 2932 1830 2955 Su
1846 2935 1944 2963 quzsto

1051 2977 1123 3001 fatto
1144 2978 1166 3000 si
1189 2976 1257 3000 veda
1277 2976 1364 2999 anche
1384 2976 1406 2999 il
1433 2976 1492 2998 Chr.
1514 2975 1586 3002 Est..
1605 2981 1664 3007 425·

1977 2688 2006 2712 25

1977 2896 2010 2921 30

2025 1088 2044 1103 s.

2058 1083 2115 1101 05.»
