2370 3603
731 216 986 252 IOHANNIS
1014 217 1085 252 DE
1110 216 1330 252 BAZANO

123 291 1938 299 ...nun-nn..-...n--...-=n.....n..nunu-...unnu-.-...-..nunnunnuun-.u......n..-..u--n.-1u..-...nu......-=...--...-=..n--...-...1--u..-...-..un-«u---o-un--u-u-nu-

118 223 168 257 [Α.
189 224 281 256 1³³8}

117 339 250 371 Eodem
274 344 428 380 tempore
461 345 494 370 et
517 339 572 370 die
604 338 696 380 xxvij
731 338 864 380 augusti
889 338 1014 381 burgus
1045 338 1247 371 Cittanovae
1270 339 1444 380 splanatus
1475 338 1541 370 fuit
1571 344 1605 370 et
1620 339 1742 370 foveae
1773 339 1947 380 splanatae

118 391 264 423 fuerunt.

207 444 371 476 Dominus
402 445 551 476 Maffeus
574 444 616 475 de
641 444 779 476 Summo
804 445 846 476 de
871 445 1041 477 Cremona
1064 444 1220 476 Potestas
1243 444 1398 476 Mutinae
1421 454 1484 485 pro
1509 445 1609 477 dictis
1631 444 1890 476 Marchionibus
1913 444 1944 474 in

119 496 366 540 M.cecxxxviij
388 497 423 527 in
446 497 562 538 primis
585 507 645 528 sex
668 496 838 528 mensibus
862 497 1011 538 inceptis
1033 497 1069 528 in
1092 497 1247 529 calendis
1271 497 1418 528 ianuarii
1434 496 1452 528 ¹.
1499 497 1600 528 Tunc
1624 497 1666 528 de
1690 507 1803 528 mense
1826 496 1947 528 marcii

77 549 95 580 5
119 549 312 591 Macarelus
336 550 379 581 de
404 549 552 591 Cucana,
578 558 654 580 cum
679 550 784 580 certis
808 550 883 580 aliis
915 550 973 591 qui
1003 556 1230 581 tractaverant
1259 550 1418 590 accipere
1449 550 1638 582 Bononiam
1663 550 1804 582 domino
1828 549 1948 581 Tadeo

118 602 160 633 de
176 601 313 642 Pepolis
327 601 349 639 ²,
366 602 512 643 quadam
530 602 585 632 die
601 601 710 632 sabati
729 602 815 633 dicti
833 602 958 634 mensis
970 602 1037 633 fuit
1047 602 1206 643 expulsus
1220 603 1262 634 de
1278 603 1352 643 ipsa
1368 602 1504 634 civitate
1518 601 1693 634 Bononiae
1711 602 1767 643 [et]
1781 602 1948 637 districtu,

117 660 150 685 et
172 654 349 695 praedicta
377 655 419 685 de
444 664 546 684 causa
569 654 624 685 die
649 654 746 685 lunae
778 654 935 696 sequenti
959 655 1167 697 Menghotus
1191 655 1234 686 de
1258 654 1456 687 Ghiseleriis
1485 654 1551 685 fuit
1574 653 1806 696 decapitatus!
1850 654 1949 684 Tunc

116 706 277 738 Plebatus
301 707 401 751 ‚Ciani
427 712 461 737 et
483 705 638 737 Mixani³
654 713 687 738 et
704 713 816 748 partes
841 707 919 738 illae
937 718 1020 749 quas
1036 707 1175 739 tenebat
1199 707 1355 739 dominus
1378 707 1570 749 Macarelus
1586 708 1805 739 tradiderunt
1829 717 1864 738 se
1889 707 1950 737 do-

116 759 222 791 minio
246 759 459 790 dominorum
482 759 722 790 Marchionum
747 759 940 791 estensium.
986 760 1085 791 Tunc
1108 760 1283 801 inceptum
1307 760 1373 791 fuit
1396 760 1567 802 quoddam
1595 761 1774 792 reductum
1799 759 1834 790 in
1859 764 1950 790 terra

116 811 236 853 Campi
251 811 388 843 Galiani
402 812 519 852 [iuxta]
533 818 678 843 castrum
691 811 870 852 [Soletum]
883 823 998 844 versus
1010 823 1086 844 sero
1099 812 1143 844 ad
1156 812 1355 844 instanciam
1369 812 1498 844 domini
1511 813 1725 844 Manfredini
1739 813 1781 844 de
1790 813 1950 855 Gorcano

117 868 148 894 et
171 862 314 894 fratrum
328 862 350 894 ⁴.
396 863 496 894 Tunc
527 863 687 904 temporis
718 870 885 894 muratum
909 863 975 894 fuit
997 863 1151 906 cironum
1174 863 1257 894 dicti
1281 864 1383 895 castri
1398 863 1520 905 Campi
1538 863 1684 895 Galiani.
1731 863 1830 894 Tunc
1854 863 1950 894 dicto

118 915 220 954 [anno
252 915 283 955 a]
314 925 428 947 mense
451 915 568 947 marcii
590 926 700 957 usque
723 916 766 947 ad
790 915 890 946 alium
916 925 1066 947 mensem
1099 915 1220 947 marcii
1244 915 1311 947 fuit
1336 922 1469 957 tempus
1499 916 1691 957 pluviosum
1725 921 1759 946 et
1781 914 1950 951 instabile,

120 967 169 999 ita
181 967 272 1009 quod
289 968 468 999 occasione
487 968 654 1000 dictarum
671 968 861 1009 pluviarum
880 968 1061 1009 [homines]
1078 968 1284 1000 distulerunt
1299 968 1455 1000 tritusare
1473 969 1527 1000 vel
1541 969 1699 1001 triturare
1716 978 1822 1010 usque
1839 968 1884 999 ad
1900 967 1951 999 fe-

119 1026 207 1051 stum
223 1021 373 1052 omnium
391 1021 596 1053 Sanctorum
613 1027 647 1052 et
670 1021 718 1052 ita
735 1031 802 1052 non
818 1026 1001 1062 potuerunt
1017 1021 1121 1052 sicari
1137 1022 1308 1052 frumenta
1330 1021 1384 1052 vel
1399 1021 1501 1052 blava
1517 1027 1550 1052 et
1566 1022 1614 1052 ita
1628 1031 1664 1052 se
1680 1019 1953 1052 rescaldaverunt

61 1074 96 1104 15
122 1074 157 1105 in
181 1073 348 1115 granariis
371 1080 403 1105 et
426 1073 543 1104 vinum
575 1073 796 1105 versabatur⁵
821 1074 857 1104 in
880 1074 1058 1116 vegetibus
1081 1083 1144 1114 pro
1168 1083 1293 1116 magna
1315 1079 1412 1114 parte
1436 1074 1524 1105 ultra
1547 1073 1682 1105 solitum
1705 1083 1844 1105 morem.

208 1126 375 1158 Dominus
408 1126 574 1158 Nicolaus
612 1126 656 1157 de
693 1126 887 1158 Macaruffis
925 1127 969 1158 de
1007 1126 1127 1158 Padua
1163 1126 1318 1158 Potestas
1356 1126 1512 1158 Mutinae
1549 1137 1610 1168 pro
1634 1125 1894 1158 Marchjonibus
1916 1126 1950 1156 in

120 1179 363 1221 M.cccxxxviij
383 1179 418 1210 in
436 1178 565 1210 ultimis
580 1190 639 1210 sex
656 1178 826 1211 mensibus
842 1179 987 1220 inceptis
1003 1179 1039 1210 in
1056 1179 1208 1210 calendis
1223 1178 1298 1210 iulii
1312 1178 1334 1210 ⁶.
1358 1179 1421 1210 Die
1437 1179 1596 1211 mercurii
1612 1179 1705 1222 xviiij
1723 1178 1857 1221 augusti
1873 1178 1951 1210 bur-

55 812 92 842 10

211 1289 235 1314 3.
253 1291 305 1316 pro
324 1281 419 1312 dictis]
440 1291 489 1316 pre
509 1285 594 1308 dictis
613 1285 660 1313 A.;
688 1292 739 1317 pro
768 1284 918 1318 praedictis
937 1285 1024 1315 Mum,
1045 1286 1090 1310 Cr.
1111 1298 1143 1302 —-
1163 1293 1187 1316 4.
1207 1286 1288 1317 M338
1307 1286 1339 1310 A.
1358 1299 1390 1303 —
1410 1290 1434 1316 5.
1459 1285 1596 1318 accipere]
1615 1286 1699 1310 aciem
1723 1286 1772 1316 A.;
1792 1286 1880 1315 Mun„
1906 1285 1952 1309 Cr.

121 1328 297 1352 sostitm'scono
322 1328 365 1351 dei
381 1329 492 1359 pantini
508 1342 519 1346 -
539 1329 696 1353 Bononiam
721 1329 851 1360 domino]
878 1329 1102 1353 Bononiensibus
1129 1332 1157 1353 et
1181 1329 1298 1353 domino
1322 1330 1365 1359 A„
1391 1330 1484 1357 MUR.;
1510 1330 1735 1354 Bononiensibus
1764 1330 1878 1354 domino
1906 1330 1951 1354 Cr.

123 1386 155 1390 --
176 1371 199 1395 6.
219 1373 246 1396 et
265 1380 332 1404 agg.
352 1373 439 1402 Μυκη
461 1374 506 1398 Cr.
539 1387 551 1389 ν-
579 1373 603 1397 8.
623 1373 753 1397 Plebatus
782 1372 865 1397 Ciani
884 1375 912 1397 et
931 1374 1036 1397 Mixani
1061 1375 1089 1397 et
1112 1375 1204 1406 partes
1223 1372 1300 1405 illae]
1320 1373 1454 1398 Plebatus
1474 1375 1548 1398 uiam
1567 1373 1669 1398 Bazani
1683 1375 1710 1397 et
1723 1374 1816 1405 partes
1829 1373 1889 1397 illas
1902 1373 1950 1402 Α.;

122 1416 162 1441 Pl.
180 1416 319 1441 Semelani
338 1418 366 1440 et
385 1416 492 1440 Guzani
512 1418 539 1440 et
560 1425 586 1449 p.
606 1417 670 1441 illae
684 1417 777 1447 Mun.;
798 1417 840 1441 Pl.
853 1418 928 1441 viam
948 1418 1051 1441 Bazani
1066 1419 1094 1442 et
1107 1425 1132 1450 p.
1147 1417 1209 1442 illae
1225 1418 1287 1447 Cr.;
1302 1418 1342 1441 Pl.
1358 1418 1473 1446 Cuzani,
1489 1418 1631 1443 Comelani
1652 1418 1680 1441 et
1700 1419 1792 1450 partes
1812 1417 1875 1441 illae
1894 1418 1950 1447 M?

77 1466 90 1492 5
121 1459 327 1485 Pemendazione
347 1468 364 1483 a
382 1465 470 1491 questo
484 1465 565 1492 passo
591 1462 671 1485 riesce
697 1461 888 1494 diffi‘cilissima,
909 1469 952 1484 ma
970 1462 982 1484 ι’
993 1461 1136 1492 plebanae·
1151 1462 1194 1486 che
1212 1461 1237 1484 si
1253 1461 1360 1486 diedero
1379 1462 1441 1494 agli
1463 1461 1567 1486 Estensi
1579 1465 1632 1492 per
1650 1469 1735 1486 mezzo
1754 1461 1784 1484 ds·
1801 1461 1952 1485 Mazarello

121 1504 233 1530 debbono
252 1512 336 1529 essere
353 1506 421 1530 stati
437 1505 519 1536 quelli
541 1505 572 1528 di
588 1505 688 1537 confine
706 1509 752 1530 tra
771 1506 799 1529 la
818 1505 968 1537 Sameggicz
988 1506 1023 1530 ed
1038 1507 1062 1529 il
1078 1507 1202 1530 Panare:
1228 1513 1298 1529 come
1317 1509 1432 1536 appunto
1456 1506 1540 1531 Ciano
1557 1513 1571 1528 e
1591 1506 1718 1534 Missano,
1735 1505 1875 1535 sapendosi
1897 1505 1951 1532 che,

114 1548 232 1580 fuggito
250 1549 300 1573 dal
315 1550 453 1574 territorio
473 1549 619 1581 bolognese,
634 1550 726 1580 eglisi
739 1548 817 1573 ritirb
830 1551 873 1573 nei
885 1550 992 1573 castelli
1002 1550 1033 1573 di
1044 1549 1201 1574 Sassadella
1219 1558 1233 1573 o
1251 1550 1457 1578 Montevecchio‚
1474 1550 1488 1573 i
1504 1550 1578 1580 quali
1595 1556 1746 1578 sorssevano
1758 1550 1804 1573 nel
1815 1549 1953 1573 territorto

122 1590 149 1614 dx
173 1591 313 1614 Missam-
325 1590 499 1622 Macarellus]
519 1592 547 1615 la
565 1599 634 1615 corr.
655 1589 668 1614 ἒ
682 1592 823 1623 suggerito
842 1591 876 1615 da
896 1592 936 1615 JI.
957 1590 1036 1622 [quas
1050 1591 1183 1616 tenebant
1203 1591 1364 1615 Mazarellus
1389 1592 1422 1615 de
1447 1590 1586 1621 Cuzanolg
1611 1591 1642 1614 A.
1669 1599 1682 1614 e
1710 1591 1755 1615 Cr.
1775 1591 1857 1614 hanno
1877 1590 1951 1613 Mar-

120 1632 199 1656 silIus
217 1641 229 1655 e
248 1632 327 1656 MUR.
347 1632 392 1656 dez·
403 1632 514 1663 pantini
531 1645 562 1649 —
582 1640 608 1664 9.
628 1634 757 1664 coeptum
780 1632 867 1661 Mun„
889 1633 948 1661 Cr.;
971 1634 1114 1663 acceptum
1132 1633 1179 1657 A:
1199 1633 1340 1665 inceptum
1360 1632 1416 1656 fuit
1435 1631 1494 1656 fieri
1512 1633 1551 1656 M.
1571 1646 1603 1650 —
1626 1638 1666 1656 10.
1687 1633 1766 1656 iuxta
1785 1639 1798 1655 ε
1813 1629 1952 1662 Soletum]

59 1680 90 1698 10
121 1673 209 1702 Mun..
228 1674 273 1698 Cr.
298 1674 459 1705 riempirono
484 1674 601 1697 soltanto
619 1674 647 1697 la
661 1674 752 1704 prima
773 1675 868 1698 lamma
885 1681 933 1697 con
952 1682 986 1697 um
1003 1675 1039 1703 et,
1065 1682 1108 1698 nm
1136 1675 1177 1698 M.
1206 1675 1254 1698 ha.-
1279 1674 1357 1697 iuxta
1375 1675 1499 1698 castrum
1519 1674 1640 1698 Soletum
1660 1680 1755 1698 versus
1775 1679 1836 1696 sero
1857 1685 1888 1689 —
1913 1678 1952 1696 12.

120 1722 195 1739 anno
209 1715 237 1747 a]
256 1715 348 1747 l’agg.
369 1713 382 1738 ἱ·
399 1723 479 1747 sugg.
499 1715 535 1738 da
555 1716 594 1740 M.
614 1728 624 1733 -
644 1718 769 1747 ternpore
788 1716 981 1748 pluviacosum
1000 1715 1024 1738 Α
1046 1729 1077 1732 -
1100 1721 1140 1746 13.
1160 1716 1202 1741 lta
1220 1712 1305 1747 quod]
1327 1715 1378 1740 cosi
1398 1716 1485 1745 Mun„
1506 1716 1568 1745 Cr.;
1589 1716 1629 1738 ita
1647 1722 1699 1746 que
1711 1715 1744 1738 A.
1765 1727 1775 1733 -
1795 1714 1922 1738 homines
1941 1712 1954 1737 ὲ

121 1765 188 1788 agg.
206 1765 288 1789 sugg.
307 1757 344 1782 da
362 1757 405 1781 ΑΙ.
423 1765 437 1780 e
456 1758 500 1780 clm
513 1758 540 1781 ci
554 1761 623 1789 pare
645 1758 770 1781 richiesta
789 1757 837 1781 dal
853 1765 925 1781 senso
939 1769 949 1775 -
966 1757 1096 1781 tritusare
1115 1757 1159 1781 vel
1178 1765 1226 1781 om.
1246 1758 1332 1786 Mum,
1349 1759 1394 1782 Cr.
1415 1770 1447 1775 —
1470 1764 1508 1787 14.
1527 1757 1569 1781 ita
1587 1757 1684 1781 avanti
1702 1764 1718 1779 a
1737 1764 1766 1781 se
1784 1763 1853 1781 corr.
1876 1756 1953 1780 Mun.

122 1798 272 1825 cdi-anche
283 1802 310 1825 in
322 1801 378 1828 M.;
392 1802 449 1826 iam
467 1801 510 1831 A„
525 1802 572 1826 Cr.
587 1814 618 1818 -
635 1806 675 1831 15.
695 1808 780 1824 unum
800 1801 845 1829 A.;
865 1801 964 1824 vinum
984 1801 1072 1830 Mum,
1094 1801 1149 1831 Cr.,
1169 1802 1209 1825 M.
1230 1813 1261 1818 —
1285 1800 1325 1825 16.
1343 1800 1482 1826 Matalufis
1501 1802 1549 1825 Aa.
1568 1800 1725 1825 Macaruffis
1744 1799 1832 1829 MUR„
1853 1800 1897 1824 Cr.
1920 1813 1950 1819 ..-

60 1911 90 1937 ι5

60 2117 92 2135 20

58 2958 92 2983 40

124 1850 163 1875 17.
184 1844 384 1877 Mcccxxxviij]
411 1844 464 1869 cosi
491 1846 580 1874 Mun„
601 1845 662 1873 Cr.;
685 1850 753 1876 1330
770 1845 804 1869 A.

119 1907 205 1930 colari
219 1907 238 1930 il
250 1908 310 1931 Chr.
322 1908 453 1937 patavia..
468 1907 521 1931 loc.
533 1908 581 1931 cit.
594 1916 597 1930 :
615 1908 627 1919 ·‘
639 1907 670 1930 In
681 1908 778 1931 eodem
790 1914 882 1930 mense
896 1907 1005 1938 augusti

121 1950 250 1973 “nobilis
270 1949 351 1973 miles
377 1950 509 1973 dominus
534 1949 632 1973 Petrus
652 1950 684 1973 de
709 1949 813 1973 Rubeis
839 1956 900 1972 cum
925 1950 1008 1980 gente

121 1991 193 2015 “sua
212 1993 351 2023 equitavit
371 1992 403 2015 ad
424 1993 545 2015 castrum
565 1991 765 2015 Montissilicis
785 1992 811 2014 et
826 1992 916 2021 Ipsum
931 1991 1008 2014 obse-

121 2032 205 2061 “diu
231 2034 258 2056 et
283 2033 401 2063 quadam
427 2032 471 2055 die
499 2033 609 2063 incepta
631 2032 686 2055 fuit
706 2032 884 2059 scaramucia,
906 2032 934 2054 in
955 2038 1007 2062 qua

121 2074 133 2086 “
144 2074 305 2098 Parmenses
316 2074 523 2105 aliquantulum
535 2074 648 2098 fuerunt
659 2074 790 2105 superati.
818 2074 946 2097 Audiens
955 2074 1008 2097 hoc

121 2116 133 2128 “
144 2117 303 2147 praedictus
313 2117 443 2139 dominus
455 2115 553 2139 Petrus
566 2116 635 2139 bene
649 2116 773 2139 munitus
788 2115 914 2139 ascendit
927 2122 1008 2146 super

121 2160 244 2189 “equum
263 2161 291 2181 et
317 2159 371 2180 ivit
397 2165 492 2181 versus
519 2160 647 2185 castrum,
668 2159 696 2180 et
717 2157 829 2188 quando
853 2157 909 2181 fuit
930 2158 1008 2180 iuxta

121 2202 132 2213 “
145 2201 282 2225 refossum
303 2202 385 2225 castri
401 2201 544 2224 descendit
564 2201 597 2224 de
616 2207 686 2231 equo
700 2202 728 2224 et
747 2201 898 2231 evaginato
911 2200 1008 2231 gladio

120 2244 239 2275 “coepit
259 2243 405 2267 ascendere
432 2250 513 2274 super
539 2243 693 2266 refossum:
719 2245 745 2266 et
771 2244 810 2266 sic
833 2243 1008 2266 ascendendo

121 2286 172 2309 “et
191 2286 312 2309 tenendo
333 2292 419 2309 unum
444 2285 540 2316 pedem
568 2285 656 2308 altum
675 2286 702 2308 et
729 2284 846 2308 alterum
867 2291 931 2307 vero
951 2285 1000 2308 bas

121 2328 214 2355 “sum,
240 2334 386 2359 percussus
408 2326 463 2350 suit
482 2333 517 2350 ex
544 2326 671 2356 pluribus
697 2326 819 2350 lanceis:
839 2333 894 2349 una
914 2333 1006 2349 earum

121 2369 133 2380 ‘¹
145 2369 253 2400 dirupit
272 2368 390 2392 loricam
409 2369 469 2392 eius
482 2370 509 2392 et
524 2369 614 2398 ipsum
629 2367 771 2391 lethaliter
792 2367 961 2396 vulneravit,
981 2370 1007 2391 et

121 2410 184 2434 “sic
205 2411 262 2434 alio
284 2410 329 2434 dle
348 2412 483 2441 migravit
503 2411 535 2434 ad
556 2410 710 2433 Dominum
722 2428 744 2439 „.

209 2451 216 2466 ¹
236 2452 334 2475 Anche
360 2454 456 2483 questa
476 2452 634 2483 podesteria
653 2449 668 2475 ὲ
687 2451 884 2475 documentata
905 2449 1006 2482 (luem,

122 2493 196 2525 1338.
215 2493 248 2520 ΙΙ,
270 2501 316 2517 nn.
336 2492 370 2525 69
389 2501 404 2517 e
426 2500 486 2521 122;
508 2493 620 2521 vienn,
641 2496 682 2523 op.
703 2494 756 2518 cil..
776 2492 811 2523 11,
839 2492 901 2525 7-9).

205 2533 216 2550 ²
235 2536 302 2559 Alla
329 2537 464 2566 congiura
489 2535 517 2559 di
539 2535 689 2559 Mazarello
708 2536 742 2558 da
769 2534 896 2559 Cuzzano
923 2535 950 2559 fa
969 2543 1007 2559 un

118 2578 200 2602 breve
226 2585 348 2602 accenno
374 2578 394 2601 il
421 2577 566 2602 Rodolico
591 2576 642 2609 (op.
663 2578 715 2602 cit..
743 2585 768 2608 p.
795 2576 871 2608 103):
891 2578 1008 2608 qualche

119 2621 245 2651 maggior
256 2620 424 2651 particolare
434 2618 449 2643 'e
461 2621 489 2643 in
507 2621 584 2649 Corp.
599 2621 660 2647 chr.‚
671 2620 735 2643 bon..
749 2619 816 2642 ediz.
830 2619 960 2646 Sorbelli,
974 2619 1007 2645 ΙΙ,

119 2669 165 2693 pp.
185 2661 305 2693 482-483.
343 2662 366 2685 Il
388 2662 461 2685 fatto
481 2661 494 2685 ὲ
515 2659 566 2693 piu
578 2662 783 2685 minutamente
796 2663 962 2685 raccontato
976 2663 1007 2686 in

118 2702 241 2727 Griffoni
262 2705 354 2733 (Mem.
375 2702 448 2731 cit.);
469 2703 652 2734 l'espulsione
671 2703 701 2726 di
719 2702 872 2727 Mazarello
886 2703 917 2726 fu
938 2703 958 2726 il
978 2702 1007 2727 di

79 2750 89 2756 ¹
119 2746 146 2770 di
167 2752 217 2769 san
236 2745 368 2773 Lazzaro,
387 2745 437 2769 che
456 2744 524 2776 pero
545 2752 602 2769 non
623 2745 689 2769 cade
708 2744 754 2768 nel
768 2751 840 2768 mese
859 2744 888 2768 di
903 2752 1007 2769 marzo.

119 2787 131 2810 I
145 2788 250 2818 signori
273 2788 307 2811 da
322 2787 461 2812 Cuzzano.
476 2785 534 2810 cosi
549 2787 619 2810 detti
636 2787 681 2810 dal
698 2794 778 2810 nome
792 2787 819 2810 di
835 2786 897 2817 quel
912 2787 1007 2818 luogo,

118 2831 160 2853 tra
179 2829 339 2860 Zappolino
358 2837 372 2852 e
385 2829 524 2855 Ponzano.
539 2828 642 2852 surono
656 2829 810 2852 turbulenti
825 2829 962 2852 feudatari
978 2831 1006 2852 in

120 2871 163 2894 val
185 2871 212 2894 di
240 2870 397 2901 Samoggia,
425 2871 534 2894 molesti
557 2871 582 2894 al
612 2877 729 2894 comune
749 2871 776 2894 di
797 2871 924 2901 Bologna
942 2871 1007 2901 sino

119 2912 163 2935 dal
186 2913 278 2936 secolo
304 2912 376 2939 XIII,
403 2920 417 2935 e
443 2920 577 2940 avevano,
608 2920 664 2936 non
694 2915 851 2936 veramente
877 2913 1004 2936 dominio

119 2955 242 2984 propriu,
264 2961 305 2977 mu
326 2953 459 2977 relazioni
481 2954 509 2977 di
531 2955 656 2978 amicizia
671 2962 685 2977 e
704 2955 731 2978 di
748 2955 876 2978 interessi
891 2956 933 2978 coi
950 2962 1004 2978 non

1063 1915 1143 1931 meno
1158 1908 1313 1932 turbulenti
1331 1909 1482 1941 signorotti
1498 1907 1571 1932 dalle
1585 1909 1719 1939 prossime
1734 1908 1883 1937 montagne
1898 1913 1952 1929 mo-

1063 1950 1166 1978 denesi.
1192 1952 1234 1974 tra
1261 1950 1288 1973 la
1313 1949 1462 1981 Samoggia
1489 1958 1502 1974 e
1529 1950 1548 1973 il
1575 1949 1692 1978 Panaro,
1713 1957 1726 1972 e
1746 1948 1951 1980 specialmente.

1063 2000 1139 2015 come
1159 1990 1173 2016 'e
1193 1994 1344 2015 accennato
1364 1993 1448 2019 sotto,
1464 1992 1507 2014 nei
1524 1992 1575 2015 due
1590 1991 1731 2022 plebanati
1747 1991 1774 2014 di
1791 1989 1881 2014 Ciano
1895 1998 1908 2013 e
1923 1991 1950 2013 di

1063 2034 1196 2058 Missano.
1235 2032 1292 2057 Che
1306 2033 1333 2057 la
1347 2041 1410 2057 vera
1427 2034 1515 2057 forma
1529 2033 1573 2056 del
1588 2041 1668 2056 nome
1683 2034 1724 2056 sia
1740 2032 1752 2044 ‘¹
1764 2032 1915 2056 Mazarello
1928 2050 1950 2062 υ,

1064 2083 1119 2100 uon
1143 2075 1320 2099 “Muzarello
1332 2093 1354 2104 ,,,
1374 2073 1388 2099 ὲ
1409 2075 1512 2103 chiaro,
1538 2075 1707 2099 trattandosi
1727 2075 1755 2098 di
1776 2082 1813 2098 un
1833 2074 1953 2097 diminu-

1063 2119 1124 2141 tivo
1145 2117 1173 2141 di
1197 2117 1370 2141 “Comaccio
1386 2135 1408 2147 Π,
1430 2125 1486 2140 non
1507 2118 1534 2141 di
1557 2115 1753 2145 “Giacomo„.

1150 2157 1161 2174 3
1180 2159 1222 2183 La
1247 2161 1328 2192 pieve
1352 2160 1378 2183 di
1406 2158 1506 2186 Ciano,
1531 2166 1608 2183 come
1637 2159 1757 2182 abbiano
1785 2157 1951 2182 dall‘elenco

1063 2202 1135 2226 delle
1155 2202 1245 2225 chiese
1258 2201 1399 2225 modenesi
1414 2201 1458 2225 del
1477 2208 1550 2233 1291,
1564 2208 1652 2224 aveva
1667 2201 1752 2224 anche
1767 2201 1865 2224 alcune
1880 2202 1951 2223 terre

1063 2243 1209 2275 bolognesi
1230 2245 1274 2267 tra
1287 2243 1444 2266 Serravalle
1465 2251 1479 2266 e
1498 2243 1709 2273 Monteveglio;
1729 2242 1822 2273 quella
1841 2242 1870 2266 di
1885 2242 1951 2265 Mis-

1063 2293 1131 2309 sano
1157 2286 1360 2318 comprendeva
1384 2285 1511 2312 Samone.
1537 2284 1691 2311 Lambaua,
1711 2284 1807 2308 Monte
1827 2283 1948 2311 Albano.

1062 2327 1202 2359 Fugliano
1221 2335 1234 2350 e
1254 2327 1416 2355 Verucchia,

1150 2366 1163 2383 ⁴
1181 2367 1425 2399 Campogalliano,
1453 2369 1526 2391 terra
1554 2370 1634 2398 posta
1660 2367 1871 2391 inferior-mente
1897 2366 1952 2391 alla

1064 2410 1109 2434 via
1129 2410 1232 2433 Emilia
1260 2417 1354 2441 presso
1375 2409 1395 2432 il
1425 2409 1532 2433 confine
1555 2410 1699 2440 reggiano,
1725 2410 1860 2440 soggetta,
1889 2409 1951 2432 sino

1063 2452 1107 2476 dal
1129 2452 1221 2476 secolo
1246 2451 1306 2479 ΧΠ,
1326 2453 1352 2475 ai
1379 2452 1514 2475 marchesi
1534 2451 1564 2475 di
1589 2452 1654 2475 Este
1681 2451 1780 2482 (Mum,
1799 2452 1862 2474 Ant.
1883 2452 1950 2477 Est..

1062 2494 1082 2519 Ι.
1102 2493 1155 2525 41).
1193 2493 1380 2519 Manfredino.
1400 2493 1478 2524 figlio
1498 2494 1527 2517 di
1553 2493 1735 2517 Tommasino
1756 2494 1790 2517 da
1810 2492 1950 2521 Gorzano,

1063 2537 1145 2560 d'una
1160 2536 1386 2567 famiglia-ostile
1401 2536 1490 2559 allora
1506 2535 1561 2566 agli
1576 2535 1695 2560 Estensi.
1709 2542 1796 2559 aveva
1815 2537 1951 2566 occupato

1063 2578 1297 2610 Campogalliano
1312 2579 1375 2602 sino
1386 2578 1431 2601 dal
1450 2584 1524 2609 1335,
1538 2585 1614 2601 come
1626 2585 1707 2601 narra
1718 2578 1739 2601 il
1754 2577 1888 2603 Tassoni:
1903 2579 1949 2609 poi

1063 2621 1084 2644 il
1099 2621 1186 2651 luogo
1207 2620 1235 2643 fu
1256 2620 1398 2644 restituito
1413 2620 1469 2651 agli
1484 2619 1593 2643 Estensi
1608 2627 1622 2643 e
1636 2620 1663 2643 di
1680 2627 1775 2643 nuovo
1789 2621 1950 2650 rioecupato

1063 2664 1092 2686 in
1112 2664 1210 2693 questo
1229 2668 1313 2687 anno,
1335 2661 1365 2685 in
1392 2663 1435 2685 cui
1458 2662 1485 2684 vi
1507 2661 1536 2684 su
1556 2663 1665 2685 murato
1686 2661 1705 2684 il
1726 2663 1825 2692 girone
1844 2661 1887 2684 del
1908 2668 1949 2685 ca—

1063 2704 1145 2728 stello
1166 2702 1290 2734 (Tma.
1311 2704 1382 2728 Diz..
1402 2704 1422 2731 Ι,
1445 2703 1513 2735 103).

1150 2744 1161 2761 ⁵
1182 2744 1288 2773 Questo
1310 2746 1323 2757 ‘¹
1336 2746 1451 2769 voltarsi
1465 2764 1477 2775 ‚,
1499 2746 1544 2769 dei
1571 2746 1630 2770 vini
1652 2746 1724 2769 nelle
1743 2746 1825 2773 botti,
1850 2743 1950 2776 poiche

1062 2788 1232 2818 quell'anno.
1243 2788 1303 2811 dice
1318 2788 1337 2810 il
1352 2786 1481 2817 Murano,
1494 2787 1507 2800 α
1519 2795 1571 2811 uve
1582 2795 1638 2811 non
1650 2790 1802 2820 potuerunt
1815 2787 1950 2811 maturari

1065 2830 1077 2842 “
1089 2832 1116 2853 et
1127 2830 1247 2853 marcide
1257 2830 1397 2853 fuerunt...
1419 2830 1458 2853 ita
1477 2830 1552 2860 quod
1567 2831 1632 2853 vina
1653 2831 1761 2861 quasia
1781 2829 1873 2853 nihilo
1894 2829 1950 2853 fue-

1064 2870 1154 2894 'runt
1174 2872 1200 2894 et
1221 2878 1247 2894 se
1269 2871 1418 2894 volverunt
1438 2872 1467 2894 in
1489 2872 1577 2895 vassis
1588 2889 1611 2901 ‚,.
1632 2871 1757 2902 significa
1772 2871 1820 2894 che
1835 2871 1949 2894 inacldi-

1061 2921 1131 2937 rono
1151 2921 1165 2936 e
1186 2913 1418 2939 intorbidaronsi.
1439 2915 1538 2937 contro
1559 2914 1668 2937 l'usato.

1149 2953 1160 2969 ⁶
1179 2954 1283 2983 Questa
1303 2956 1459 2986 podesteria
1479 2954 1493 2979 ὲ
1512 2956 1706 2980 documentata
1728 2957 1771 2980 nel
1786 2957 1867 2982 Libro
1881 2958 1949 2981 delle

1980 2084 2010 2108 43

1980 2293 2014 2318 50

1981 2498 2012 2524 55

1977 2704 2013 2729 60

2026 670 2046 686 f.
2062 664 2111 686 57!-
